2825 4775
550 99 587 150 :e

435 236 440 250 '
558 226 748 297 VITA
1155 240 1234 307 niti

87 362 199 441 cecidit,
219 360 340 427 castella
369 360 563 427 munitissima
576 363 730 429 nostumo
739 364 906 449 Pomptinii
923 365 1016 455 legati
1033 365 1080 430 sui
1089 369 1235 449 adventu,

89 458 120 518 δι
133 452 182 516 suo
193 452 344 513 matutino
358 450 452 535 cepit,
465 466 556 535 atque
565 448 716 529 incendit3
739 475 872 538 moxque
891 449 1060 540 Imperator
1072 456 1116 519 est
1132 460 1236 543 appel·

87 542 173 605 snut.
196 536 293 602 'Inue
309 538 519 603 Pindenissum
538 541 688 625 oppidum
706 542 952 620 munitiffimum,
971 545 1072 607 modia
1091 544 1236 610 omnibus

86 643 303 713 oppugnatum,
318 628 386 711 post
399 626 561 712 septimum
574 635 604 695 δι
622 630 908 715 quinquagesimum
919 632 1002 695 diem
1014 632 1168 695 deditione
1182 656 1234 697 ac·

87 716 171 801 cepit
214 714 300 779 Tum
317 716 349 777 in
366 714 501 803 hyberna
518 719 686 781 exercitum
702 718 827 798 dimisit,
847 719 937 805 eique
953 722 996 807 Q.
1011 720 1136 785 fratrem
1152 742 1232 807 prae·

89 800 165 883 iecit,
179 804 235 889 qui
245 808 275 869 ἃ
286 802 348 889 ipse
362 804 394 866 in
404 805 470 889 ejus
485 805 667 893 legatissuit.

334 944 488 1013 annus
510 948 644 1017 unns
668 948 886 1016 counrrn
904 910 982 1017 'roa

87 1091 152 1181 Coffi
161 1090 203 1154 L.
219 1090 345 1157 AEmilio
360 1088 463 1169 Panlo,
478 1096 512 1158 C·
530 1093 646 1159 Claudio
660 1092 815 1169 Mnnello,
830 1106 895 1155 ante
908 1093 1050 1181 cbrssm
1060 1101 1114 1159 st).
1158 1098 1238 1163 Οἰα-

416 1183 493 1243 renis
506 1180 745 1267 qunrqwgefimw
746 1181 893 1267 septimus.

132 1288 183 1355 Ad
191 1288 249 1354 hos
259 1286 407 1355 Consules
418 1288 435 1353 ὲ
445 1286 552 1375 Cilicis
560 1273 799 1378 scripfitCicero,
810 1292 969 1377 petiitque,
983 1309 1019 1357 ut
1033 1294 1127 1379 quim
1135 1295 1238 1359 hono-

87 1376 336 1443 rificentissimum
346 1377 635 1443 senatusconsultum
654 1380 691 1443 de
707 1380 798 1443 rebus
811 1379 831 1444 i
848 1380 878 1444 se
888 1380 981 1483 gestia
993 1382 1168 1445 faciendum
1181 1406 1240 1447 cn·

87 1478 193 1529 rarent.
240 1466 278 1529 Ei
303 1470 405 1529 reveri
422 1488 477 1551 pro
497 1488 529 1531 re
549 1466 628 1532 bend
646 1467 729 1553 gesti
751 1466 983 1553 supplicationes
1003 1471 1135 1534 decretae
1154 1470 1235 1535 sunt.

88 1552 186 1617 Nonis
198 1552 330 1619 Ianuarii
345 1551 440 1617 Tarso
451 1554 607 1639 proseslus
619 1554 680 1617 fuit
699 1556 732 1617 in
743 1556 858 1632 Adam,
877 1571 913 1618 ut
928 1558 960 1619 in
980 1556 1040 1621 suia
1059 1558 1239 1622 dioecesrbus

83 1640 132 1729 jus
150 1642 274 1705 diceret.
317 1638 362 1703 Ex
390 1640 462 1705 Asis
480 1643 513 1705 in
532 1640 672 1707 Ciliciam
694 1642 795 1707 Nonio
815 1643 893 1706 Maii
910 1646 1054 1728 perrexit:
1085 1646 1239 1730 provincia

87 1726 247 1805 decedens,
262 1726 299 1793 C.
318 1726 453 1792 Coelium
467 1730 659 1817 Quaestorem
672 1729 762 1793 suum
777 1730 806 1794 ei
821 1730 972 1815 praesecit:
995 1730 1133 1796 Athenae
1144 1734 1239 1810 venit,

88 1816 154 1881 inde
166 1813 384 1897 Brundusium,
399 1818 481 1881 unde
493 1816 628 1881 Romam
636 1818 772 1883 reversus
782 1818 837 1883 est.

337 1958 491 2023 annus
514 1956 647 2025 unns
670 1958 887 2052 counnn
910 1963 984 2025 τοι.

87 2076 153 2164 Cqff·
169 2078 203 2141 C·
220 2072 338 2140 Chunio
352 2069 502 2151 Marcello,
519 2072 559 2135 L.
572 2072 696 2139 Cornelio
704 2071 825 2135 Lentulo
835 2071 939 2147 Crure,
953 2084 1019 2134 ante
1034 2071 1173 2159 chrestum
1185 2082 1239 2138 48.

401 2162 536 2235 Cicemis
550 2159 788 2244 quinquaggfimus
806 2165 930 2222 asianus.

20 2329 21 2333 ,
129 2272 177 2336 M.
198 2270 308 2335 Tullio
322 2270 463 2334 Ciceroni
478 2272 573 2356 pridie
587 2270 671 2337 Non.
688 2272 810 2337 Ianuar.
832 2273 870 2334 ad
882 2274 989 2352 urbem
1012 2275 1178 2351 accedenti,
1199 2276 1239 2339 fic

20 2407 21 2422 ,
88 2358 131 2424 est
149 2360 269 2424 obviam
285 2359 451 2443 proditum,
469 2373 505 2422 ut
522 2359 597 2422 nihil
612 2358 704 2424 suerit
722 2359 979 2448 magnificentius:
999 2375 1030 2424 at
1045 2362 1161 2445 invenit
1176 2365 1241 2446 ple-

88 2471 158 2512 nam
235 2446 1239 2532 'buainternisrempublicarmdiscutientibuaPompeio&Caesare

89 2536 176 2600 Dixit
240 2536 302 2612 nia,
320 2534 433 2600 &tecit
448 2557 517 2619 quae
532 2535 570 2600 ad
579 2537 773 2602 concordiam
788 2535 983 2620 pertinerent.
1028 2536 1081 2596 Ad
1090 2536 1241 2599 Caesarem

20 2677 21 2690 ,
90 2625 120 2688 dt
138 2621 324 2708 Pompeium
342 2622 466 2706 scripsit,
490 2637 524 2686 ut
542 2638 709 2706 utrumque
726 2623 869 2707 placaret,
893 2621 1049 2683 attestatus
1066 2621 1142 2684 nihil
1158 2622 1244 2688 civili

88 2711 171 2774 bello
186 2707 380 2774 miserabilius
391 2710 449 2773 effe
460 2711 492 2772 in
505 2709 668 2794 republict.
703 2709 784 2772 olm
799 2710 900 2792 itaque
914 2709 1010 2772 varias
1021 2709 1052 2770 in
1067 2725 1166 2794 partes
1180 2710 1243 2775 Ita·

88 2799 134 2860 lia
151 2797 295 2882 descripta
302 2797 384 2875 esset,
400 2812 435 2860 ut
448 2797 577 2882 quisque
585 2795 671 2860 suam
686 2811 804 2882 partem
824 2796 1048 2862 defendendam
1067 2797 1242 2883 susciperet,

88 2885 233 2969 Capuam
256 2885 365 2949 Cicero
383 2885 516 2969 sumpsit.
561 2885 664 2949 Romi
685 2884 778 2970 igitur
799 2885 937 2969 Capuam
956 2885 1113 2969 proseslua
1138 2885 1183 2948 est
1201 2894 1241 2950 14

87 2973 160 3038 Kal.
177 2971 249 3037 Feb.
265 2973 455 3056 lustratisque
470 2974 609 3049 Formiis,
633 2973 747 3038 iterum
761 2973 900 3058 Capuam
914 2973 1014 3047 rediit,
1036 2973 1089 3035 ubi
1104 2973 1242 3037 triduum

88 3063 159 3124 suit.
205 3059 243 3124 lu
254 3061 401 3145 Apuliam
414 3060 588 3144 lPompeio
603 3061 766 3124 advocatus
780 3059 835 3122 est.
877 3058 942 3123 Sed
951 3064 1021 3122 cum
1035 3060 1067 3122 in
1080 3061 1129 3122 rid
1140 3061 1242 3126 Caesar

85 3149 172 3225 esset,
187 3147 308 3211 Theani
319 3147 447 3212 Sidicini
458 3147 575 3225 mansit,
591 3150 673 3212 unde
682 3147 812 3232 Leptam
824 3169 895 3210 cum
905 3147 999 3210 literis
1010 3148 1048 3210 ad
1058 3147 1242 3232 Pompeium

88 3236 181 3312 misit,
195 3234 390 3320 reversusque
404 3236 539 3299 Formiae
554 3236 608 3300 est.
644 3235 810 3320 Pompeius
823 3234 896 3298 vero
912 3234 1116 3298 andusuun
1130 3236 1187 3298 iter
1195 3237 1243 3300 sc-

87 3325 142 3401 cit,
157 3329 222 3408 qud
237 3321 418 3388 Ciceronem
432 3323 560 3399 vocavit,
577 3323 628 3386 sed
643 3323 751 3386 mansit
763 3323 795 3384 in
810 3321 982 3404 Formiano.
1005 3322 1105 3386 Caesar
1118 3322 1241 3387 interim

87 3409 275 3499 Bnrudulio,
301 3417 363 3494 qud
379 3411 524 3497 ingressus
539 3425 603 3474 erat
617 3410 737 3498 postero
751 3411 812 3486 die,
831 3432 893 3493 quo
907 3409 1072 3494 Pompeius
1081 3411 1241 3494 “oppidum

87 3499 146 3566 des
251 3514 276 3574 t,
291 3498 426 3562 Romam
441 3498 575 3562 reversus
589 3499 643 3562 est.
688 3500 734 3562 Eo
748 3499 779 3559 in
795 3498 901 3561 itinere
911 3497 1019 3560 Cicero
1034 3498 1120 3562 illum
1131 3519 1242 3563 convo·

88 3587 149 3652 nit:
205 3587 213 3602 '
238 3589 277 3650 de
289 3588 443 3672 Arpinum
458 3585 626 3670 profectus,
647 3587 688 3649 ibi
699 3585 805 3648 Tullio
816 3585 942 3648 filiosuo
956 3600 1059 3671 togam
1069 3606 1176 3669 puram
1186 3588 1240 3649 de-

88 3675 148 3750 dit,
163 3675 333 3758 mansitque
348 3675 381 3737 in
404 3675 482 3737 villis
505 3673 607 3738 mense
622 3673 734 3758 Aprili,
761 3677 791 3737 a<
808 3672 904 3749 Maio,
927 3677 957 3737 ἃ
978 3677 997 3736 7
1014 3674 1089 3735 Idus
1104 3674 1188 3738 lunii
1202 3675 1241 3736 ad

88 3760 139 3824 Po
192 3763 277 3843 sum
302 3761 334 3824 in
360 3763 514 3826 Graeciam
543 3763 702 3848 navigavit.
746 3762 821 3848 Ejus
846 3762 991 3824 adrentus
1014 3759 1118 3847 multia
1136 3776 1242 3845 gratus

86 3779 226 3926 ῐιιίῗῖιά
238 3872 301 3914 non
310 3849 431 3926 Catoni,
447 3857 534 3933 equo
548 3849 746 3935 reprehensus
761 3849 815 3925 est,
830 3849 914 3932 quod
924 3849 1106 3932 Pompeium
1121 3847 1241 3912 secutus

86 3937 175 4015 esset,
190 3960 293 4022 neque
307 3939 453 4028 mansisset
468 3937 500 3998 in
514 3937 610 4014 Italis,
632 3937 722 4000 rebus
737 3936 959 4022 prospesiurua.
1005 3936 1130 3998 Catonis
1144 3936 1242 3999 verbis

86 4046 153 4090 non
185 4026 380 4089 mediocriter
399 4039 572 4090 commotus
591 4023 646 4101 est,
672 4047 770 4110 eoque
792 4026 919 4109 gravida,
954 4025 1037 4107 quod
1062 4024 1146 4086 nulls
1173 4025 1240 4108 ejus

87 4109 183 4196 opera
197 4113 365 4197 Pompeius
379 4113 532 4178 utebatur:
555 4135 647 4196 quare
662 4134 733 4176 eum
747 4112 822 4175 fasti
837 4113 981 4197 poenituit
995 4133 1057 4174 non
1072 4116 1134 4173 tim
1149 4131 1241 4194 prop-

86 4211 140 4265 ter
153 4201 244 4268 suum
258 4199 440 4288 periculum,
455 4207 548 4286 quam
559 4216 681 4290 propter
690 4201 762 4266 vitia
775 4202 883 4280 multa,
894 4221 963 4284 quae
977 4198 1020 4262 ibi
1034 4199 1169 4262 offendit

330 4588 465 4720 ,tt
