2825 4775
70 191 72 210 l
188 259 250 319 542
518 251 565 315 Μ.
586 250 740 317 TULLII
761 248 993 317 CICERONIS

227 385 382 461 amicitias,
402 384 641 449 amabilillimum
655 387 771 449 nodum
791 384 929 449 amicitiae
938 384 1058 461 tollere3
1079 402 1134 445 nou
1153 382 1276 450 mimum

227 474 339 536 utilitas
354 488 436 557 parta
445 494 498 557 per
512 474 656 549 amicum,
685 478 779 557 quam
789 472 878 537 amici
896 493 981 534 amor
999 470 1058 556 ipse
1070 468 1194 535 deleuat:
1215 467 1275 533 tin·

227 582 287 645 que
299 560 373 622 illud
385 558 430 635 fit,
445 562 528 642 quod
551 561 587 623 ab
613 560 711 623 amico
726 559 768 623 est
783 558 967 643 profestum,
1000 558 1168 644 jucundum,
1185 555 1202 617 li
1224 576 1273 619 cm

185 646 328 711 25studio
343 646 387 709 est
405 646 592 730 profestum:
613 661 795 731 tantumque
807 644 900 723 abest,
915 660 949 709 ut
967 645 1104 709 amicitiae
1130 656 1229 727 propter
1242 644 1275 705 in-

227 733 548 818 digentiamcolmtur,
571 750 605 797 ut
619 734 652 811 ii,
677 734 731 818 qui
754 734 862 817 opibus
888 732 1040 817 acceptis,
1060 730 1225 812 maximeque
1234 730 1276 791 rir-

148 901 151 905 .
228 836 293 883 tute
308 822 436 905 praediti,
471 822 502 883 in
517 828 576 905 qui
604 822 770 905 plurimum
782 820 825 885 est
836 820 974 905 praesidii,
998 818 1117 881 minime
1138 816 1234 881 alteriue
1244 816 1275 876 in·

227 908 361 993 digeart,
386 906 575 971 liberalissimi
590 908 646 971 sint
663 914 692 973 u
711 906 979 971 beneficentiffimi.
1025 909 1123 989 Atque
1143 904 1210 967 haud
1226 901 1275 977 scio.

227 1018 267 1057 an
287 1017 326 1059 ne
348 1017 425 1079 opus
454 995 488 1057 fit
514 995 649 1079 quidem,
681 995 763 1057 nihil*
779 1002 914 1078 unquam
939 994 1062 1057 omnino
1084 992 1171 1057 deesse
1194 988 1273 1051 antioc

186 1082 299 1145 aoUbi
310 1084 391 1145 enim
404 1082 500 1145 studia
515 1082 613 1145 nostra
627 1084 795 1167 viguissent,
819 1082 838 1143 fi
852 1088 1008 1165 nunquam
1020 1080 1145 1156 confilio,
1163 1094 1275 1159 nunquan

130 1167 136 1179 ’
228 1174 319 1253 opera
341 1170 450 1245 nollral,
473 1192 530 1233 nec
547 1170 642 1245 domi,
666 1192 724 1233 nec
743 1169 857 1233 militiae
871 1170 974 1253 Scipio
994 1166 1130 1253 eguisset?
1153 1162 1274 1248 uoniglur

228 1257 389 1319 utilitatem
399 1257 539 1332 amicitia,
549 1258 600 1320 sed
614 1258 726 1319 utilitas
737 1256 899 1319 amicitiam
913 1256 1072 1319 consecuta
1085 1253 1135 1317 est.

272 1344 345 1406 XV.
368 1345 442 1407 Non
456 1366 529 1429 ergo
553 1361 642 1407 erunt
660 1344 799 1407 homines
818 1344 932 1407 deliciis
946 1343 1114 1407 diffluentes
1128 1332 1277 1411 audiendis
1346 1333 1350 1359 ¹

229 1432 351 1514 quando
362 1433 401 1493 de
423 1431 563 1507 amicitia,
574 1452 731 1515 quamnec
747 1430 812 1505 usu,
834 1453 889 1493 nec
904 1430 1020 1494 ratione
1035 1429 1140 1492 habent
1158 1425 1280 1509 cognimr

230 1518 433 1601 disputabunt.
477 1518 561 1581 Nam
577 1519 645 1601 quis
659 1517 714 1593 est,
738 1518 815 1601 proli
834 1516 927 1581 delun
942 1517 1037 1581 fidem
1052 1532 1137 1600 atque
1150 1506 1279 1578 honuml

230 1606 283 1687 qui
297 1607 380 1681 velit,
409 1620 443 1668 ut
461 1626 561 1688 neque
575 1606 680 1691 diligat
695 1626 879 1689 quenquam,
901 1626 956 1668 nec
973 1605 1036 1689 ipse
1050 1602 1086 1667 ab
1100 1582 1281 1683 unolligrm,
1346 1634 1350 1654 ·

187 1692 439 1756 Scircumfluere
458 1693 599 1756 omnibus
622 1694 728 1776 copiis,
757 1708 847 1777 atque
872 1692 1013 1755 omnium
1042 1712 1141 1755 rerum
1167 1684 1282 1751 abundau-

229 1778 270 1841 tia
294 1779 410 1843 vivere?
445 1780 511 1843 haec
537 1781 619 1843 enim
638 1780 680 1844 est
711 1796 906 1865 tyrannorum
930 1780 1006 1855 vita3
1044 1779 1076 1841 in
1104 1771 1282 1861 quamnim

229 1867 312 1928 nulla
327 1866 414 1942 fides,
442 1870 525 1930 nulla
541 1867 658 1941 caritas,
680 1869 763 1929 nulla
790 1866 900 1929 stabilis
919 1866 1132 1933 benevolentiae
1156 1858 1232 1946 potest
1244 1854 1282 1919 elle

231 1948 354 2015 fiducia:
376 1953 478 2015 omnia
492 1952 607 2036 semper
622 1952 758 2036 suspesta
777 1968 867 2037 atque
887 1953 1015 2017 solicita:
1037 1954 1135 2017 nullus
1151 1940 1283 2013 locutaml·

229 2040 323 2115 citiam
348 2040 416 2123 quis
430 2040 524 2115 enim,
539 2051 592 2101 aut
606 2062 678 2101 eum
696 2040 811 2125 diligat,
841 2062 934 2123 quem
945 2042 1070 2115 metuite
1089 2052 1139 2103 aut
1148 2036 1282 2111 eumlquo
1345 2081 1349 2109 .

190 2125 262 2189 lose
277 2128 373 2190 metui
395 2127 501 2211 putat?
527 2126 679 2191 Coluntur
701 2142 804 2191 tamen
826 2128 1014 2191 fimulatione
1028 2129 1167 2191 duntaxat
1188 2122 1279 2216 aluus

230 2236 303 2299 pus3
325 2212 547 2298 quadritone,
570 2228 605 2277 ut
631 2215 665 2277 fit
680 2217 870 2299 plerumque,
899 2216 1074 2291 ceciderint,
1092 2224 1163 2287 tum,
1182 2206 1284 2287 intelllgi·

229 2316 291 2377 tur,
320 2302 414 2385 quam
438 2301 551 2365 fuerint
566 2301 670 2388 inopes
693 2303 874 2381 amicorum
905 2305 989 2385 quod
1011 2300 1201 2387 Tarquinium
1213 2288 1286 2357 dhlffe
1345 2352 1350 2384 ,

230 2389 333 2451 ferunt
352 2395 416 2452 tlim
440 2392 622 2466 exulantem,
645 2389 674 2453 se
697 2391 882 2467 intellexisse,
907 2411 983 2474 quoa
1011 2390 1087 2454 fidos
1109 2387 1208 2452 amicos
1218 2376 1288 2444 lull·

231 2477 306 2551 isset,
325 2499 402 2559 quos
422 2476 543 2552 infidos,
558 2499 630 2540 cum
641 2479 705 2563 jam
716 2479 830 2540 neutris
844 2477 969 2564 gratiam
984 2479 1096 2544 referre
1110 2475 1205 2561 possen
1219 2484 1288 2552 qum·

192 2567 327 2644 15quam
342 2565 445 2640 miror,
474 2565 524 2627 illa
543 2563 676 2648 superbia
691 2569 720 2628 8(
737 2561 974 2648 importunitate,
996 2565 1194 2650 siquenquam
1208 2554 1289 2620 bibere

230 2654 339 2733 potuit.
385 2654 488 2734 Atque
509 2666 542 2713 ut
556 2651 659 2736 hujus,
680 2674 772 2735 quem
793 2652 865 2728 dixi,
890 2673 988 2716 mores
1001 2674 1089 2716 veroa
1103 2651 1288 2740 atuicotp²1?{e

231 2759 294 2799 non
311 2749 452 2820 potuere,
476 2737 514 2799 lic
529 2740 695 2803 multorum
705 2761 779 2822 opes
790 2739 1023 2823 praepotentium
1042 2739 1198 2803 excludunt
1214 2747 1290 2794 amlss·

231 2824 287 2888 tias
299 2823 416 2888 fideles:
437 2847 500 2886 non
514 2825 596 2888 enim
614 2824 711 2890 solum
723 2826 784 2914 ipsa
798 2828 919 2892 fortuna
934 2848 1014 2890 caeca
1029 2825 1084 2902 est,
1098 2825 1147 2888 sed
1166 2841 1210 2885 eos
1224 2815 1291 2880 etim

231 2913 411 2994 plerumque
422 2911 514 2974 efficit
531 2933 638 2986 caecoa,
664 2935 741 2996 quos
756 2916 913 2998 complexa
938 2913 991 2978 est.
1036 2913 1139 2998 Itaque
1161 2907 1290 2972 efferuntur

188 2999 278 3058 aorlli
293 2998 355 3060 scre
368 2997 487 3062 fastidio
501 3003 529 3062 ἃ
542 3003 744 3064 contumacia:
771 3023 869 3084 neque
885 3000 1052 3084 quidquam
1072 2999 1214 3084 insipiente
1221 2991 1292 3053 sonu·

231 3100 304 3149 nato
318 3086 536 3149 intolerabilius
547 3085 612 3149 fieri
628 3087 736 3172 potest.
781 3091 885 3170 Atque
907 3087 966 3151 hoc
989 3089 1115 3172 quidem
1134 3077 1294 3148 viderelicer
1346 3103 1351 3120 ·

231 3194 295 3250 eoa,
317 3173 371 3258 qui
392 3179 479 3236 antea
504 3175 672 3238 commodis
698 3175 824 3238 fuerunt
846 3176 991 3252 moribus,
1014 3175 1152 3260 imperio,
1171 3163 1294 3260 potestate,
1350 3147 1351 3234 l

231 3260 378 3345 prosperis
392 3261 483 3324 rebus
502 3261 668 3337 immutari,
684 3261 842 3346 spernique
863 3263 900 3324 ab
924 3262 960 3327 iia
974 3278 1090 3328 veteres
1108 3255 1245 3330 amicitias,
1261 3267 1293 3308 Ψ·
1349 3269 1350 3282 ’

231 3347 348 3431 dulgeri
369 3350 462 3411 novis.
508 3348 594 3434 Quid
608 3364 711 3412 autem
730 3349 860 3425 stultius,
882 3359 987 3436 quam,
1009 3353 1079 3412 clim
1096 3347 1242 3434 plurimlm
1258 3355 1293 3398 ⁰⁰·

187 3434 306 3516 aspris,
328 3435 533 3513 facultatibus,
555 3435 662 3520 opibus
690 3435 810 3520 poffint,
829 3451 937 3500 caetera
957 3457 1071 3522 parare,
1096 3457 1162 3520 quae
1184 3437 1291 3518 pansstuf

230 3519 373 3607 pecunii,
394 3545 500 3605 equoS,
521 3521 662 3597 famulos,
691 3523 804 3586 vestem
818 3524 981 3609 egregiam,
1006 3523 1074 3588 vasa
1093 3519 1223 3608 pretiosae
1240 3529 1294 3576 ²³¹¹·

231 3626 356 3669 coenon
372 3631 486 3689 parare,
507 3611 654 3694 optimam
681 3613 711 3674 &
732 3611 966 3695 pulcherrimam
980 3611 1061 3687 ritae,
1092 3625 1126 3674 ut
1153 3609 1191 3670 ita
1211 3603 1294 3666 diem»
1348 3639 1349 3650 κ

231 3691 468 3778 supelletiilem?
491 3697 604 3759 etenim
623 3713 731 3762 caetera
746 3703 815 3762 cum
838 3713 954 3782 parant,
977 3699 1026 3762 cui
1045 3709 1161 3782 parent,
1180 3688 1295 3778 nesciunt

231 3803 288 3844 nec
314 3781 401 3865 cujus
425 3778 515 3845 c’auai
541 3783 689 3860 laborent3
713 3786 778 3868 ejus
799 3785 882 3850 enim
899 3785 942 3850 est
966 3785 1091 3848 istorum
1111 3783 1240 3868 quidque,
1256 3789 1295 3852 ‘1¹¹¹

189 3867 327 3930 flovincit
341 3868 467 3947 uiribus:
492 3871 691 3936 amicitiarum
706 3871 757 3934 sua
779 3873 890 3956 cuique
905 3869 1059 3957 permanet
1082 3869 1187 3936 stabilia
1201 3869 1295 3930 &cem

230 3955 375 4038 posseslio:
392 3972 437 4032 ut,
451 3956 542 4020 ctiam
560 3959 581 4020 si
596 3960 646 4020 illa
660 3975 813 4036 maneant,
835 3958 983 4044 quaesunt
997 3959 1077 4044 quali
1096 3954 1294 4022 donatorum
1347 4023 1348 4034 q

231 4058 334 4106 tamen
353 4044 545 4120 vitainculta,
571 4049 601 4110 ἃ
622 4045 737 4110 deserta
755 4046 791 4112 ab
812 4049 926 4124 amicis,
948 4069 1010 4111 non
1021 4044 1169 4133 pollitcffe
1180 4031 1294 4128 jucun&
1347 4039 1348 4113 l

229 4127 292 4192 Sed
303 4130 368 4193 haec
382 4131 540 4198 hailenus.

275 4217 363 4279 XVI.
387 4218 598 4283 constituendi
609 4234 711 4285 autem
737 4221 816 4298 sunu
846 4221 899 4308 qui
913 4221 969 4287 lint
984 4223 1015 4286 in
1029 4220 1156 4286 amicitis
1183 4203 1291 4302 sitiensl

229 4303 312 4384 quast
337 4307 470 4372 termini.
486 4308 643 4396 diligendi:
677 4309 720 4374 ‘de
746 4309 855 4394 quibus
878 4325 938 4376 tres
955 4309 1042 4374 video
1063 4297 1291 4375 sententiatim
