2825 4775
433 263 610 332 ORATIO
632 261 680 330 ΙΝ
700 263 738 330 L.
752 250 961 330 PISONEM.
1207 273 1269 332 tot

132 399 295 484 quisquam
310 396 419 464 duxit?
442 396 597 480 quisquam
609 394 663 458 tibi
674 393 798 479 paruit?
821 395 978 480 quisquam
998 395 1031 458 in
1049 397 1163 461 curiam
1176 417 1229 460 ve·

132 488 234 550 aienti
256 483 443 549 adsurrexit?
466 483 622 566 quisquam
640 481 808 546 consulenti
828 483 1070 567 respondendum
1088 485 1228 567 putavit?

133 575 345 637 numerandae
359 572 401 636 est
415 572 464 634 ille
475 570 712 653 annusdenique
725 570 758 632 in
771 569 934 653 republicl,
956 575 1025 632 clun
1036 571 1230 634 obmutuillet
1297 631 1300 635 .

134 659 281 737 Senatus,
303 658 647 732 ludiciaconticuilsent,
670 671 834 738 rnoererent
847 657 931 733 boni,
952 659 997 720 ria
1011 659 1159 722 latrocinii
1179 680 1231 721 ve-

136 746 193 811 stri
206 753 269 811 toti
284 747 357 810 urbe
370 746 517 821 volitaret,
529 765 629 826 neque
644 744 722 806 ciria
734 764 814 806 unua
828 764 865 805 ex
888 744 1019 820 civitate,
1040 745 1091 806 led
1105 744 1168 828 ipsa
1185 747 1275 812 ci-'to

138 835 217 898 ritas
238 849 292 896 tuo
315 837 345 897 dt
362 832 486 896 Gabinii
500 830 769 913 scelerifurorique
784 828 928 894 cellillet?
967 834 1065 892 Arne
1079 845 1144 893 tum
1165 835 1233 915 qui-

132 921 208 982 dem
224 920 377 997 emerfisti,
407 921 569 983 lutulente·
581 916 751 992 Caesonine,
773 937 812 978 ex
833 915 1008 978 miserrimis
1036 932 1150 980 naturae
1171 935 1233 982 tuae

141 1007 298 1083 sordibuar
322 1006 394 1071 cum
409 1005 586 1091 experrecta
597 1005 721 1066 tandem
734 1003 830 1065 virtue
848 1003 997 1064 clariffirni
1010 1002 1078 1077 viri,
1099 1006 1235 1069 celeriter

138 1098 170 1159 dr
186 1115 291 1158 verum
305 1096 451 1170 amicum,
475 1097 504 1156 δι
522 1091 633 1174 optime
644 1090 786 1151 meritum
802 1090 911 1165 civem,
936 1093 965 1152 o
980 1088 1066 1151 suum
1075 1091 1234 1173 pristinum

136 1201 254 1245 morem
262 1182 433 1264 requisivit:
455 1199 557 1262 neque
571 1176 614 1238 est
628 1177 736 1238 illevit
748 1176 857 1259 pallus,
872 1175 903 1237 in
917 1180 954 1237 et
964 1175 1130 1259 republicl,
1141 1183 1276 1260 quam75
1334 1233 1337 1238 .

134 1269 199 1352 ipse
212 1267 368 1332 decorirat
383 1283 475 1350 atque
496 1277 630 1338 auxerat,
652 1260 768 1325 diutius
780 1261 947 1325 vestrorum
961 1261 1107 1325 scelerum
1121 1264 1237 1348 pestem

135 1357 268 1418 morari:
300 1361 372 1418 cbm
382 1368 485 1414 tamen
499 1352 561 1425 ille,
575 1349 793 1432 qualiscunque
807 1350 862 1425 est,
884 1349 937 1433 qui
949 1348 993 1411 ert
1008 1349 1046 1412 ab
1060 1370 1125 1412 uno
1137 1365 1169 1414 te
1178 1352 1237 1414 im-

134 1443 287 1526 probitate
301 1442 414 1514 vidlus,
437 1436 598 1512 Gabinius,
631 1437 754 1520 collegit
769 1437 832 1519 ipse
857 1434 888 1500 se
904 1437 965 1512 rix,
980 1436 1038 1500 ‘led
1058 1439 1180 1522 collegit
1192 1453 1239 1501 ta.

136 1549 231 1590 men:
257 1532 286 1590 δι
304 1541 409 1588 contra
423 1523 510 1586 luurn
525 1521 668 1586 Clodium
683 1520 817 1606 primum
836 1523 980 1600 limulate,
1001 1524 1110 1588 deinde
1125 1546 1188 1587 non
1202 1527 1238 1587 li-

139 1613 272 1688 benter,
295 1613 334 1674 ad
345 1625 514 1674 extremum
529 1623 631 1672 tamen
645 1631 700 1693 pro
716 1609 775 1672 Cn.
789 1608 936 1693 Pompeio
949 1614 1020 1674 verb
1030 1611 1282 1677 vehementer-8⁰

136 1721 203 1783 que
222 1699 385 1783 pugnavit.
442 1698 517 1782 Quo
528 1697 651 1782 quidem
666 1697 699 1758 in
712 1696 893 1781 spedlaculo·
900 1697 976 1760 mira
989 1699 1095 1781 populi
1106 1699 1241 1762 Romani

135 1787 268 1868 aequitaa
283 1803 364 1849 erat:
388 1799 570 1848 utereorum
585 1784 724 1868 periisset,
746 1798 890 1866 tanquam
905 1783 1020 1859 lanista,
1042 1787 1074 1846 in
1092 1787 1240 1872 ejusmodi
1296 1817 1298 1828 ·

137 1873 218 1959 pari,
229 1875 350 1936 lucrum
366 1871 435 1936 fieri
445 1871 591 1956 putabat:
612 1872 814 1934 immortalem
822 1875 894 1934 verb
905 1870 1096 1955 quaestum,s1
1112 1892 1241 1958 uterque

138 1960 305 2024 cecidifl'et.
351 1958 412 2022 Sed
427 1961 476 2022 ille
499 1973 601 2022 tamen
624 1957 732 2044 agebat
744 1959 880 2042 aliquid:
912 1959 1055 2023 tuebatur
1079 1960 1243 2024 audiorita-

137 2063 204 2110 tem
231 2046 342 2122 summi
356 2047 430 2108 riri:
466 2063 529 2110 erat
549 2045 610 2132 ipse
624 2045 796 2122 sceleratus,
818 2060 881 2112 erat
898 2046 1063 2130 gladiator:
1086 2068 1158 2111 cum
1178 2048 1285 2125 sce85

137 2135 237 2197 lerata
258 2148 373 2209 tamen,
398 2137 427 2196 dt
452 2155 522 2200 cum
545 2133 610 2217 pari
641 2133 805 2217 gladiatore
828 2133 991 2218 pugnabat.
1050 2135 1113 2197 T'u·
1132 2135 1245 2200 scilicet

125 2220 236 2284 bomo
257 2219 413 2306 religiosus
430 2224 458 2283 &
476 2219 609 2294 tanaus,
631 2221 746 2296 foedus,
761 2222 852 2302 ⁴quod
861 2241 932 2283 aneo
946 2220 1090 2305 sanguiue
1104 2223 1135 2284 in
1146 2223 1245 2306 paui-

135 2327 203 2370 one
224 2308 446 2393 prouinciarum
468 2307 574 2383 iceras,
596 2306 735 2392 frangere
756 2307 899 2382 noluistia
935 2315 1053 2371 carent
1081 2309 1163 2373 enim
1191 2309 1245 2374 libi

140 2396 197 2459 ille
223 2396 493 2472 sororiusadulter,
517 2409 562 2471 ut,
585 2394 605 2455 li
631 2394 687 2457 tibi
700 2395 899 2479 prouinciam,
921 2395 942 2457 fi
964 2396 1177 2476 exercitum,fi
1191 2420 1246 2480 pe-

135 2483 268 2547 cuniam
279 2496 414 2567 ereptam
425 2503 464 2543 ex
485 2480 660 2567 reipublicae
674 2481 841 2547 visceribus·
856 2482 992 2561 dedillet
1013 2483 1153 2546 omnium
1173 2483 1289 2547 luo-90

172 2710 212 2754 er.
237 2704 343 2754 venemo
359 2700 508 2760 ananan]
540 2702 700 2750 venientum
764 2706 804 2752 aa.
822 2701 946 2761 amesia]
979 2705 1077 2752 mama
1102 2691 1290 2769 eroenuur'qar

132 2769 283 2827 conmutat,
301 2784 362 2830 equo
380 2767 442 2814 obvii
461 2767 553 2827 equites
570 2765 700 2813 dercenue-
731 2768 872 2827 gladiatores
893 2770 924 2816 arl
940 2774 1049 2816 mutuam
1077 2771 1197 2818 lanienam
1222 2771 1290 2819 inati-

137 2834 208 2891 bant,
221 2840 296 2894 caput
305 2832 458 2893 detegebant,
475 2832 506 2877 de
517 2832 558 2876 via
572 2831 699 2889 cedebant,
732 2832 823 2881 urebat.
857 2833 918 2880 Vult
940 2832 1013 2893 igitur
1037 2833 1170 2894 significare
1196 2835 1289 2893 Cicero.

133 2899 304 2957 assurgebant,
322 2897 426 2945 minores
453 2894 609 2955 Magistratus
624 2895 700 2943 saccea
732 2898 820 2958 populo
846 2898 956 2945 Romano
987 2912 1034 2945 non
1068 2898 1209 2958 interfuisse,
1241 2901 1291 2949 rire

137 2962 320 3009 submittebant.
734 2960 840 3018 Clodius,
871 2959 920 3007 aive
952 2961 1068 3009 Gabinius
1091 2964 1132 3010 rua
1155 2962 1292 3027 defensione

173 3028 213 3073 to.
226 3024 356 3073 Clarirrimi
366 3019 432 3079 uiri]
449 3025 487 3069 De
496 3022 611 3084 Pompeio
625 3023 700 3083 loqui·
730 3026 849 3086 periuret,
867 3039 924 3073 cum
940 3038 985 3086 prr
1001 3030 1093 3074 lucnrm
1109 3028 1221 3075 exuniua
1228 3029 1292 3076 mo'r·

137 3090 251 3151 tur,·qui
268 3087 446 3149 vinuprimtrm
462 3086 540 3134 iuerat
559 3086 701 3134 Ciceronem
732 3095 766 3145 ta,
789 3096 812 3134 tt
837 3103 870 3136 ex
894 3090 1014 3150 utriusque
1034 3098 1150 3152 quartum
1168 3092 1292 3141 immorta-

133 3154 347 3210 dasemiaacum
363 3150 505 3199 tClodianir
519 3157 698 3211 oppresaruert:
733 3152 932 3201 lemconaecutus
956 3158 1026 3202 earet.
1060 3155 1151 3203 Alludit
1170 3158 1293 3205 autemad

137 3216 191 3275 red,
214 3218 253 3278 qui
272 3216 330 3263 sacti
345 3216 473 3277 paenitens,
492 3214 529 3259 ⁴de
547 3213 608 3261 illius
624 3214 700 3261 reditu
734 3216 852 3274 Lanirtaa,
877 3217 918 3278 qui
938 3218 1031 3265 lucrum
1053 3234 1078 3264 re
1099 3223 1180 3265 lacere
1196 3225 1291 3279 piatam,

138 3278 513 3341 amicorumadjutruupertegit,
524 3267 701 3327 utetutlrcnur
732 3293 829 3327 cumex
840 3280 930 3328 duobus
948 3282 1115 3339 gladiatoribus
1143 3286 1205 3328 alter
1227 3287 1292 3330 occl-

135 3344 229 3392 rcribit.
493 3338 502 3351 '
731 3342 804 3400 ditur,
823 3346 879 3405 quia
888 3344 938 3403 ejus
952 3345 1031 3391 alendi
1046 3347 1069 3391 dr
1083 3346 1183 3392 docendi
1194 3357 1293 3396 munero

173 3410 214 3456 74.
234 3407 318 3457 Verum
339 3404 455 3463 amicam]
488 3406 573 3455 Cicero
586 3408 701 3470 Pompeio
731 3407 870 3456 liberantur.

138 3486 238 3533 temper
247 3475 377 3521 studuerat.
767 3474 807 3519 tt.
819 3470 907 3518 Sedille
916 3468 1013 3529 lorum]
1030 3471 1268 3529 laetebimur·

175 3538 216 3583 80.
233 3538 279 3589 Ad
298 3534 443 3593 extremum]
477 3534 566 3583 Scribit
586 3536 634 3585 Dio
659 3538 701 3586 lib.
768 3532 978 3591 summare]
993 3536 1110 3597 Pompeii.

134 3602 182 3649 28.
204 3600 334 3661 Tigranem
355 3600 484 3659 juniorem,
511 3600 596 3661 quiin
618 3599 703 3648 vineu-
769 3602 810 3646 86.
822 3598 897 3646 Horra
906 3596 1045 3661 religiosae]
1062 3601 1149 3650 ironia.

137 3664 171 3715 lia
189 3668 253 3725 apud
279 3664 379 3711 Lucium
398 3664 505 3711 Flavium
526 3664 661 3721 tenebatur,
690 3670 704 3711 a
769 3661 852 3710 auru
863 3662 972 3737 pactione
983 3662 1174 3726 provinciaram]
1190 3668 1295 3727 Clodiae,

143 3728 229 3776 Clodio
238 3728 341 3789 perunit
349 3734 460 3788 corrupto
468 3728 579 3775 einis-rum
591 3727 670 3778 luiare.
736 3729 938 3787 utnpedrctnrn
955 3734 1002 3784 eat,
1025 3728 1144 3788 pollicibus
1157 3732 1244 3793 luerat,
1270 3748 1298 3779 ro

141 3792 213 3842 Quod
238 3806 295 3840 cum
310 3792 438 3853 Pompeius
456 3792 479 3837 u
499 3792 614 3840 Gabinius
629 3798 703 3842 mole-
738 3792 819 3842 Piooai
838 3790 1008 3839 Macedoniam
1026 3794 1174 3854 provinciam
1193 3797 1298 3844 Gabinio

136 3860 179 3903 att
198 3856 297 3913 tenent,
316 3856 414 3907 crouuu
440 3869 480 3903 eor
508 3856 620 3904 conviciis
645 3858 705 3905 alie·
741 3856 839 3917 Syriam
855 3856 1031 3913 tantumne
1051 3857 1140 3918 reejici
1158 3860 1183 3906 ia
1197 3859 1298 3908 exilium

140 3918 193 3981 cit;
217 3920 300 3977 immo,
334 3934 392 3981 quor
415 3933 497 3967 aecum
523 3920 704 3969 comiteshabe-
739 3922 881 3993 Ciceronqm
891 3925 1038 3981 paterentur.

138 3981 212 4043 bant,
232 3984 368 4031 vulneribus
390 3982 480 4041 affecit,
506 3985 608 4033 consulis
628 3983 723 4034 fatear·
770 3984 923 4034 saumae
937 3984 1047 4043 adalim]
1080 3985 1175 4034 Clodius
1190 3998 1297 4034 mmm-

139 4046 224 4109 l'regit,
255 4051 277 4095 tr
295 4047 346 4107 ejus
364 4049 426 4098 bona
444 4048 602 4095 enumeravit:
631 4049 705 4098 iratur
737 4050 917 4100 roreincertum
927 4050 1087 4097 commiserat

131 4110 284 4174 Pompeius,
304 4112 335 4160 do
353 4112 486 4161 revocando
502 4112 618 4159 Cicerone
639 4116 704 4175 cogi-
763 4111 874 4170 120}ssoe
893 4114 979 4176 reipub.
999 4110 1140 4170 rimulae]
1171 4112 1297 4163 AErorlum

144 4176 215 4234 tavit,
235 4176 520 4245 reserenteadpopultuu
532 4175 651 4228 Mummio
661 4178 704 4229 tri·
770 4178 861 4225 blicam
879 4176 1000 4239 intelligit,
1018 4178 1082 4225 unde
1099 4176 1228 4239 pecuniam
1240 4179 1295 4227 Cle·
1349 4215 1353 4222 t

132 4236 296 4305 omoprebu.
684 4183 911 4387 ldduexmit
956 4264 960 4269 ·
