<?xml version="1.0" encoding="UTF-8"?>
<!DOCTYPE html PUBLIC "-//W3C//DTD XHTML 1.0 Transitional//EN"
    "http://www.w3.org/TR/xhtml1/DTD/xhtml1-transitional.dtd">
<html xmlns="http://www.w3.org/1999/xhtml" xml:lang="en" lang="en">
 <head>
  <title>
</title>
<meta http-equiv="Content-Type" content="text/html;charset=utf-8" />
  <meta name='ocr-system' content='tesseract 3.04.00' />
  <meta name='ocr-capabilities' content='ocr_page ocr_carea ocr_par ocr_line ocrx_word'/>
</head>
<body>
  <div class='ocr_page' id='page_1' title='image "./orationesquaeda00mrgoog_0035.png"; bbox 0 0 2825 4775; ppageno 0'>
   <div class='ocr_carea' id='block_1_1' title="bbox 560 282 1244 355">
    <p class='ocr_par' dir='ltr' id='par_1_1' title="bbox 560 282 1244 355">
     <span class='ocr_line' id='line_1_1' title="bbox 560 282 1244 355; baseline 0.012 -8"><span class='ocrx_word' id='word_1_1' title='bbox 560 282 759 349; x_wconf 70' lang='lat' dir='ltr'>,Vtra</span> <span class='ocrx_word' id='word_1_2' title='bbox 1183 292 1244 355; x_wconf 81' lang='lat' dir='ltr'>-xrl</span> 
     </span>
    </p>
   </div>
   <div class='ocr_carea' id='block_1_2' title="bbox 8 412 1257 2416">
    <p class='ocr_par' dir='ltr' id='par_1_2' title="bbox 8 412 1257 2416">
     <span class='ocr_line' id='line_1_2' title="bbox 97 412 1246 507; baseline 0.001 -21"><span class='ocrx_word' id='word_1_3' title='bbox 97 415 270 493; x_wconf 81' lang='lat' dir='ltr'>Hortenlio,</span> <span class='ocrx_word' id='word_1_4' title='bbox 281 428 348 479; x_wconf 85' lang='lat' dir='ltr'>tum</span> <span class='ocrx_word' id='word_1_5' title='bbox 364 412 555 483; x_wconf 78' lang='lat' dir='ltr'>iCicerone:</span> <span class='ocrx_word' id='word_1_6' title='bbox 577 419 665 503; x_wconf 86' lang='lat' dir='ltr'>cujus</span> <span class='ocrx_word' id='word_1_7' title='bbox 680 418 777 483; x_wconf 85' lang='lat' dir='ltr'>oratio</span> <span class='ocrx_word' id='word_1_8' title='bbox 790 439 848 504; x_wconf 89' lang='lat' dir='ltr'>pro</span> <span class='ocrx_word' id='word_1_9' title='bbox 866 417 1059 485; x_wconf 80' lang='lat' dir='ltr'>Sextio-erat.</span> <span class='ocrx_word' id='word_1_10' title='bbox 1104 420 1246 507; x_wconf 82' lang='lat' dir='ltr'>Cbmque</span> 
     </span>
     <span class='ocr_line' id='line_1_3' title="bbox 100 503 1248 591; baseline 0.002 -20"><span class='ocrx_word' id='word_1_11' title='bbox 100 508 239 571; x_wconf 74' lang='lat' dir='ltr'><strong>Vatinius</strong></span> <span class='ocrx_word' id='word_1_12' title='bbox 253 503 386 567; x_wconf 68' lang='lat' dir='ltr'>maxime</span> <span class='ocrx_word' id='word_1_13' title='bbox 396 503 533 570; x_wconf 75' lang='lat' dir='ltr'>Sextium</span> <span class='ocrx_word' id='word_1_14' title='bbox 543 505 779 591; x_wconf 74' lang='lat' dir='ltr'>oppugnavilset,</span> <span class='ocrx_word' id='word_1_15' title='bbox 797 521 888 589; x_wconf 88' lang='lat' dir='ltr'>atque</span> <span class='ocrx_word' id='word_1_16' title='bbox 903 508 934 569; x_wconf 92' lang='lat' dir='ltr'>in</span> <span class='ocrx_word' id='word_1_17' title='bbox 943 510 1029 571; x_wconf 89' lang='lat' dir='ltr'>illum</span> <span class='ocrx_word' id='word_1_18' title='bbox 1040 509 1248 573; x_wconf 87' lang='lat' dir='ltr'>testimonium</span> 
     </span>
     <span class='ocr_line' id='line_1_4' title="bbox 100 591 1246 681; baseline 0.002 -23"><span class='ocrx_word' id='word_1_19' title='bbox 100 596 223 670; x_wconf 74' lang='lat' dir='ltr'>dixisset,</span> <span class='ocrx_word' id='word_1_20' title='bbox 237 592 350 657; x_wconf 90' lang='lat' dir='ltr'>Cicero</span> <span class='ocrx_word' id='word_1_21' title='bbox 369 591 531 657; x_wconf 74' lang='lat' dir='ltr'>Vatinium</span> <span class='ocrx_word' id='word_1_22' title='bbox 548 594 656 656; x_wconf 86' lang='lat' dir='ltr'>testem</span> <span class='ocrx_word' id='word_1_23' title='bbox 672 593 817 678; x_wconf 72' lang='lat' dir='ltr'>perpetui</span> <span class='ocrx_word' id='word_1_24' title='bbox 831 596 1065 681; x_wconf 80' lang='lat' dir='ltr'>interrogatione</span> <span class='ocrx_word' id='word_1_25' title='bbox 1087 598 1246 661; x_wconf 82' lang='lat' dir='ltr'>accusarit.</span> 
     </span>
     <span class='ocr_line' id='line_1_5' title="bbox 101 680 1248 770; baseline 0.001 -23"><span class='ocrx_word' id='word_1_26' title='bbox 101 684 186 748; x_wconf 81' lang='lat' dir='ltr'>Dixit</span> <span class='ocrx_word' id='word_1_27' title='bbox 195 680 306 743; x_wconf 90' lang='lat' dir='ltr'>eodem</span> <span class='ocrx_word' id='word_1_28' title='bbox 315 701 396 743; x_wconf 91' lang='lat' dir='ltr'>anno</span> <span class='ocrx_word' id='word_1_29' title='bbox 405 702 460 765; x_wconf 87' lang='lat' dir='ltr'>pro</span> <span class='ocrx_word' id='word_1_30' title='bbox 474 680 585 757; x_wconf 70' lang='lat' dir='ltr'>bestia</span> <span class='ocrx_word' id='word_1_31' title='bbox 604 682 643 770; x_wconf 68' lang='lat' dir='ltr'>de</span> <span class='ocrx_word' id='word_1_32' title='bbox 652 681 780 759; x_wconf 87' lang='lat' dir='ltr'>ambitu,</span> <span class='ocrx_word' id='word_1_33' title='bbox 790 685 870 767; x_wconf 89' lang='lat' dir='ltr'>apud</span> <span class='ocrx_word' id='word_1_34' title='bbox 881 682 1046 747; x_wconf 75' lang='lat' dir='ltr'>Praetorem</span> <span class='ocrx_word' id='word_1_35' title='bbox 1066 684 1124 747; x_wconf 87' lang='lat' dir='ltr'>Cn.</span> <span class='ocrx_word' id='word_1_36' title='bbox 1137 686 1248 749; x_wconf 91' lang='lat' dir='ltr'>Domi·</span> 
     </span>
     <span class='ocr_line' id='line_1_6' title="bbox 103 768 1247 855; baseline -0.001 -20"><span class='ocrx_word' id='word_1_37' title='bbox 103 773 173 835; x_wconf 88' lang='lat' dir='ltr'>tium</span> <span class='ocrx_word' id='word_1_38' title='bbox 189 770 222 831; x_wconf 90' lang='lat' dir='ltr'>in</span> <span class='ocrx_word' id='word_1_39' title='bbox 238 768 307 831; x_wconf 91' lang='lat' dir='ltr'>foro</span> <span class='ocrx_word' id='word_1_40' title='bbox 322 768 435 843; x_wconf 89' lang='lat' dir='ltr'>medio,</span> <span class='ocrx_word' id='word_1_41' title='bbox 457 768 589 850; x_wconf 65' lang='lat' dir='ltr'>martimo</span> <span class='ocrx_word' id='word_1_42' title='bbox 605 786 735 833; x_wconf 89' lang='lat' dir='ltr'>convent</span> <span class='ocrx_word' id='word_1_43' title='bbox 810 769 910 833; x_wconf 83' lang='lat' dir='ltr'>Nonis</span> <span class='ocrx_word' id='word_1_44' title='bbox 925 772 1025 855; x_wconf 83' lang='lat' dir='ltr'>April.</span> <span class='ocrx_word' id='word_1_45' title='bbox 1048 772 1167 837; x_wconf 72' lang='lat' dir='ltr'>fastum</span> <span class='ocrx_word' id='word_1_46' title='bbox 1186 773 1247 835; x_wconf 92' lang='lat' dir='ltr'>suit</span> 
     </span>
     <span class='ocr_line' id='line_1_7' title="bbox 103 790 1249 944; baseline 0.003 -23"><span class='ocrx_word' id='word_1_47' title='bbox 103 854 390 922; x_wconf 77' lang='lat' dir='ltr'>senatusconsultum</span> <span class='ocrx_word' id='word_1_48' title='bbox 402 854 433 915; x_wconf 90' lang='lat' dir='ltr'>in</span> <span class='ocrx_word' id='word_1_49' title='bbox 448 854 604 919; x_wconf 75' lang='lat' dir='ltr'>Ciceronis</span> <span class='ocrx_word' id='word_1_50' title='bbox 619 790 808 934; x_wconf 48' lang='lat' dir='ltr'>sentenfiim,</span> <span class='ocrx_word' id='word_1_51' title='bbox 827 872 862 920; x_wconf 91' lang='lat' dir='ltr'>ut</span> <span class='ocrx_word' id='word_1_52' title='bbox 875 860 915 921; x_wconf 90' lang='lat' dir='ltr'>de</span> <span class='ocrx_word' id='word_1_53' title='bbox 929 881 1002 944; x_wconf 83' lang='lat' dir='ltr'>agro</span> <span class='ocrx_word' id='word_1_54' title='bbox 1016 859 1174 944; x_wconf 88' lang='lat' dir='ltr'>Campano</span> <span class='ocrx_word' id='word_1_55' title='bbox 1187 859 1249 924; x_wconf 87' lang='lat' dir='ltr'>fre·</span> 
     </span>
     <span class='ocr_line' id='line_1_8' title="bbox 101 942 1250 1033; baseline 0.002 -24"><span class='ocrx_word' id='word_1_56' title='bbox 101 948 205 1029; x_wconf 89' lang='lat' dir='ltr'>quenti</span> <span class='ocrx_word' id='word_1_57' title='bbox 216 943 334 1007; x_wconf 81' lang='lat' dir='ltr'>Senatu</span> <span class='ocrx_word' id='word_1_58' title='bbox 347 942 451 1005; x_wconf 84' lang='lat' dir='ltr'>Idibus</span> <span class='ocrx_word' id='word_1_59' title='bbox 463 942 539 1005; x_wconf 89' lang='lat' dir='ltr'>Maii</span> <span class='ocrx_word' id='word_1_60' title='bbox 551 945 725 1008; x_wconf 81' lang='lat' dir='ltr'>referretur.</span> <span class='ocrx_word' id='word_1_61' title='bbox 770 946 840 1009; x_wconf 92' lang='lat' dir='ltr'>Hoc</span> <span class='ocrx_word' id='word_1_62' title='bbox 856 946 965 1009; x_wconf 88' lang='lat' dir='ltr'>eodem</span> <span class='ocrx_word' id='word_1_63' title='bbox 977 969 1056 1010; x_wconf 90' lang='lat' dir='ltr'>anno</span> <span class='ocrx_word' id='word_1_64' title='bbox 1068 948 1164 1010; x_wconf 88' lang='lat' dir='ltr'>multa</span> <span class='ocrx_word' id='word_1_65' title='bbox 1178 970 1250 1033; x_wconf 87' lang='lat' dir='ltr'>pro·</span> 
     </span>
     <span class='ocr_line' id='line_1_9' title="bbox 101 1030 1250 1119; baseline 0.001 -23"><span class='ocrx_word' id='word_1_66' title='bbox 101 1034 179 1118; x_wconf 86' lang='lat' dir='ltr'>digia</span> <span class='ocrx_word' id='word_1_67' title='bbox 197 1031 281 1094; x_wconf 74' lang='lat' dir='ltr'>sosia</span> <span class='ocrx_word' id='word_1_68' title='bbox 296 1030 375 1105; x_wconf 91' lang='lat' dir='ltr'>sunt,</span> <span class='ocrx_word' id='word_1_69' title='bbox 393 1031 431 1093; x_wconf 89' lang='lat' dir='ltr'>de</span> <span class='ocrx_word' id='word_1_70' title='bbox 450 1032 560 1113; x_wconf 89' lang='lat' dir='ltr'>quibus</span> <span class='ocrx_word' id='word_1_71' title='bbox 577 1032 709 1095; x_wconf 88' lang='lat' dir='ltr'>consulti</span> <span class='ocrx_word' id='word_1_72' title='bbox 727 1032 899 1117; x_wconf 86' lang='lat' dir='ltr'>haruspices</span> <span class='ocrx_word' id='word_1_73' title='bbox 913 1032 1140 1117; x_wconf 68' lang='lat' dir='ltr'>respondirunt,</span> <span class='ocrx_word' id='word_1_74' title='bbox 1166 1036 1250 1119; x_wconf 81' lang='lat' dir='ltr'>quod</span> 
     </span>
     <span class='ocr_line' id='line_1_10' title="bbox 102 1117 1250 1203; baseline 0.004 -18"><span class='ocrx_word' id='word_1_75' title='bbox 102 1124 164 1185; x_wconf 88' lang='lat' dir='ltr'>loca</span> <span class='ocrx_word' id='word_1_76' title='bbox 179 1119 262 1182; x_wconf 85' lang='lat' dir='ltr'>sacra</span> <span class='ocrx_word' id='word_1_77' title='bbox 275 1122 305 1181; x_wconf 76' lang='grc' dir='ltr'>δι</span> <span class='ocrx_word' id='word_1_78' title='bbox 318 1117 454 1203; x_wconf 88' lang='lat' dir='ltr'>religiosa</span> <span class='ocrx_word' id='word_1_79' title='bbox 468 1119 594 1203; x_wconf 87' lang='lat' dir='ltr'>profana</span> <span class='ocrx_word' id='word_1_80' title='bbox 608 1119 801 1183; x_wconf 86' lang='lat' dir='ltr'>haberentur.</span> <span class='ocrx_word' id='word_1_81' title='bbox 845 1120 929 1183; x_wconf 89' lang='lat' dir='ltr'>Hinc</span> <span class='ocrx_word' id='word_1_82' title='bbox 944 1122 1130 1196; x_wconf 76' lang='lat' dir='ltr'>occasionem</span> <span class='ocrx_word' id='word_1_83' title='bbox 1140 1122 1250 1190; x_wconf 72' lang='lat' dir='ltr'>nactur</span> 
     </span>
     <span class='ocr_line' id='line_1_11' title="bbox 102 1204 1252 1292; baseline 0 -19"><span class='ocrx_word' id='word_1_84' title='bbox 102 1208 227 1273; x_wconf 80' lang='lat' dir='ltr'>Clodius</span> <span class='ocrx_word' id='word_1_85' title='bbox 249 1204 362 1268; x_wconf 85' lang='lat' dir='ltr'>AEdilis</span> <span class='ocrx_word' id='word_1_86' title='bbox 382 1206 510 1269; x_wconf 81' lang='lat' dir='ltr'>vexandi</span> <span class='ocrx_word' id='word_1_87' title='bbox 528 1207 722 1283; x_wconf 86' lang='lat' dir='ltr'>Ciceronem,</span> <span class='ocrx_word' id='word_1_88' title='bbox 745 1209 783 1271; x_wconf 91' lang='lat' dir='ltr'>de</span> <span class='ocrx_word' id='word_1_89' title='bbox 803 1208 892 1269; x_wconf 86' lang='lat' dir='ltr'>sacris</span> <span class='ocrx_word' id='word_1_90' title='bbox 914 1212 942 1271; x_wconf 74' lang='grc' dir='ltr'><strong>ἃ</strong></span> <span class='ocrx_word' id='word_1_91' title='bbox 965 1210 1161 1292; x_wconf 84' lang='lat' dir='ltr'>&#39;religionibus</span> <span class='ocrx_word' id='word_1_92' title='bbox 1178 1232 1252 1276; x_wconf 84' lang='lat' dir='ltr'>con·</span> 
     </span>
     <span class='ocr_line' id='line_1_12' title="bbox 102 1293 1252 1384; baseline 0 -23"><span class='ocrx_word' id='word_1_93' title='bbox 102 1298 222 1361; x_wconf 88' lang='lat' dir='ltr'>cionem</span> <span class='ocrx_word' id='word_1_94' title='bbox 236 1293 358 1369; x_wconf 79' lang='lat' dir='ltr'>habuit3</span> <span class='ocrx_word' id='word_1_95' title='bbox 374 1307 465 1377; x_wconf 90' lang='lat' dir='ltr'>atque</span> <span class='ocrx_word' id='word_1_96' title='bbox 478 1293 635 1384; x_wconf 64' lang='lat' dir='ltr'>Cp‘cetonis</span> <span class='ocrx_word' id='word_1_97' title='bbox 650 1295 778 1357; x_wconf 89' lang='lat' dir='ltr'>domum</span> <span class='ocrx_word' id='word_1_98' title='bbox 792 1295 871 1360; x_wconf 89' lang='lat' dir='ltr'>inter</span> <span class='ocrx_word' id='word_1_99' title='bbox 885 1317 920 1358; x_wconf 89' lang='lat' dir='ltr'>ea</span> <span class='ocrx_word' id='word_1_100' title='bbox 931 1297 998 1358; x_wconf 90' lang='lat' dir='ltr'>loca</span> <span class='ocrx_word' id='word_1_101' title='bbox 1009 1297 1066 1359; x_wconf 85' lang='lat' dir='ltr'>effe</span> <span class='ocrx_word' id='word_1_102' title='bbox 1081 1296 1168 1372; x_wconf 80' lang='lat' dir='ltr'>dixit,</span> <span class='ocrx_word' id='word_1_103' title='bbox 1182 1320 1252 1380; x_wconf 79' lang='lat' dir='ltr'>quae</span> 
     </span>
     <span class='ocr_line' id='line_1_13' title="bbox 102 1378 1253 1466; baseline -0.001 -18"><span class='ocrx_word' id='word_1_104' title='bbox 102 1383 273 1449; x_wconf 86' lang='lat' dir='ltr'>consecrata</span> <span class='ocrx_word' id='word_1_105' title='bbox 287 1380 414 1466; x_wconf 85' lang='lat' dir='ltr'>profana</span> <span class='ocrx_word' id='word_1_106' title='bbox 432 1381 625 1446; x_wconf 85' lang='lat' dir='ltr'>haberentur.</span> <span class='ocrx_word' id='word_1_107' title='bbox 671 1380 777 1465; x_wconf 89' lang='lat' dir='ltr'>ltaque</span> <span class='ocrx_word' id='word_1_108' title='bbox 792 1378 933 1465; x_wconf 81' lang='lat' dir='ltr'>postridie</span> <span class='ocrx_word' id='word_1_109' title='bbox 949 1382 1070 1459; x_wconf 89' lang='lat' dir='ltr'>Cicero,</span> <span class='ocrx_word' id='word_1_110' title='bbox 1084 1384 1253 1458; x_wconf 66' lang='lat' dir='ltr'>defendent</span> 
     </span>
     <span class='ocr_line' id='line_1_14' title="bbox 8 1468 1253 1554; baseline 0.005 -25"><span class='ocrx_word' id='word_1_111' title='bbox 8 1480 9 1529; x_wconf 73' lang='lat' dir='ltr'>l</span> <span class='ocrx_word' id='word_1_112' title='bbox 106 1472 137 1535; x_wconf 93' lang='lat' dir='ltr'>fe</span> <span class='ocrx_word' id='word_1_113' title='bbox 145 1472 178 1533; x_wconf 89' lang='lat' dir='ltr'>in</span> <span class='ocrx_word' id='word_1_114' title='bbox 187 1470 305 1545; x_wconf 89' lang='lat' dir='ltr'>senatu,</span> <span class='ocrx_word' id='word_1_115' title='bbox 315 1469 368 1554; x_wconf 92' lang='lat' dir='ltr'>qui</span> <span class='ocrx_word' id='word_1_116' title='bbox 380 1492 417 1533; x_wconf 84' lang='lat' dir='ltr'>ex</span> <span class='ocrx_word' id='word_1_117' title='bbox 427 1468 621 1553; x_wconf 86' lang='lat' dir='ltr'>haruspicum</span> <span class='ocrx_word' id='word_1_118' title='bbox 631 1468 771 1553; x_wconf 90' lang='lat' dir='ltr'>responso</span> <span class='ocrx_word' id='word_1_119' title='bbox 785 1471 967 1546; x_wconf 85' lang='lat' dir='ltr'>decreverat,</span> <span class='ocrx_word' id='word_1_120' title='bbox 980 1485 1014 1533; x_wconf 91' lang='lat' dir='ltr'>ut</span> <span class='ocrx_word' id='word_1_121' title='bbox 1030 1473 1067 1533; x_wconf 83' lang='lat' dir='ltr'>de</span> <span class='ocrx_word' id='word_1_122' title='bbox 1079 1470 1153 1534; x_wconf 84' lang='lat' dir='ltr'>locis</span> <span class='ocrx_word' id='word_1_123' title='bbox 1164 1471 1253 1536; x_wconf 77' lang='lat' dir='ltr'>sacris</span> 
     </span>
     <span class='ocr_line' id='line_1_15' title="bbox 107 1556 1254 1643; baseline -0.002 -18"><span class='ocrx_word' id='word_1_124' title='bbox 107 1564 135 1625; x_wconf 74' lang='grc' dir='ltr'>δι</span> <span class='ocrx_word' id='word_1_125' title='bbox 152 1558 296 1643; x_wconf 83' lang='lat' dir='ltr'>religiosis</span> <span class='ocrx_word' id='word_1_126' title='bbox 304 1556 453 1620; x_wconf 87' lang='lat' dir='ltr'>Consules</span> <span class='ocrx_word' id='word_1_127' title='bbox 468 1558 505 1619; x_wconf 87' lang='lat' dir='ltr'>ad</span> <span class='ocrx_word' id='word_1_128' title='bbox 516 1556 662 1619; x_wconf 85' lang='lat' dir='ltr'>Senatum</span> <span class='ocrx_word' id='word_1_129' title='bbox 675 1557 833 1632; x_wconf 82' lang='lat' dir='ltr'>referrent,</span> <span class='ocrx_word' id='word_1_130' title='bbox 848 1558 1016 1621; x_wconf 87' lang='lat' dir='ltr'>orationem</span> <span class='ocrx_word' id='word_1_131' title='bbox 1030 1558 1136 1621; x_wconf 88' lang='lat' dir='ltr'>habuit</span> <span class='ocrx_word' id='word_1_132' title='bbox 1151 1561 1188 1623; x_wconf 90' lang='lat' dir='ltr'>de</span> <span class='ocrx_word' id='word_1_133' title='bbox 1199 1560 1254 1623; x_wconf 90' lang='lat' dir='ltr'>ha-</span> 
     </span>
     <span class='ocr_line' id='line_1_16' title="bbox 106 1643 1254 1731; baseline 0.001 -22"><span class='ocrx_word' id='word_1_134' title='bbox 106 1647 262 1731; x_wconf 89' lang='lat' dir='ltr'>ruspicum</span> <span class='ocrx_word' id='word_1_135' title='bbox 275 1644 432 1729; x_wconf 85' lang='lat' dir='ltr'>responfis;</span> <span class='ocrx_word' id='word_1_136' title='bbox 454 1644 484 1707; x_wconf 91' lang='lat' dir='ltr'>in</span> <span class='ocrx_word' id='word_1_137' title='bbox 500 1652 560 1728; x_wconf 80' lang='lat' dir='ltr'>quai</span> <span class='ocrx_word' id='word_1_138' title='bbox 577 1643 679 1707; x_wconf 87' lang='lat' dir='ltr'>omnia</span> <span class='ocrx_word' id='word_1_139' title='bbox 697 1645 747 1707; x_wconf 92' lang='lat' dir='ltr'>illa</span> <span class='ocrx_word' id='word_1_140' title='bbox 766 1644 902 1731; x_wconf 87' lang='lat' dir='ltr'>prodigia</span> <span class='ocrx_word' id='word_1_141' title='bbox 921 1661 1025 1709; x_wconf 89' lang='lat' dir='ltr'>contra</span> <span class='ocrx_word' id='word_1_142' title='bbox 1043 1646 1187 1709; x_wconf 90' lang='lat' dir='ltr'>Clodium</span> <span class='ocrx_word' id='word_1_143' title='bbox 1207 1647 1254 1710; x_wconf 83' lang='lat' dir='ltr'>in-</span> 
     </span>
     <span class='ocr_line' id='line_1_17' title="bbox 109 1730 1254 1819; baseline -0.001 -23"><span class='ocrx_word' id='word_1_144' title='bbox 109 1746 288 1819; x_wconf 85' lang='lat' dir='ltr'>terpretatus</span> <span class='ocrx_word' id='word_1_145' title='bbox 312 1732 365 1796; x_wconf 87' lang='lat' dir='ltr'>est.</span> <span class='ocrx_word' id='word_1_146' title='bbox 410 1730 481 1795; x_wconf 89' lang='lat' dir='ltr'>Hoc</span> <span class='ocrx_word' id='word_1_147' title='bbox 504 1748 641 1816; x_wconf 90' lang='lat' dir='ltr'>tempore</span> <span class='ocrx_word' id='word_1_148' title='bbox 660 1731 765 1795; x_wconf 70' lang='lat' dir='ltr'>adium</span> <span class='ocrx_word' id='word_1_149' title='bbox 780 1732 840 1794; x_wconf 90' lang='lat' dir='ltr'>fuit</span> <span class='ocrx_word' id='word_1_150' title='bbox 862 1732 893 1794; x_wconf 90' lang='lat' dir='ltr'>in</span> <span class='ocrx_word' id='word_1_151' title='bbox 916 1732 1031 1796; x_wconf 81' lang='lat' dir='ltr'>Senatu</span> <span class='ocrx_word' id='word_1_152' title='bbox 1049 1735 1087 1796; x_wconf 90' lang='lat' dir='ltr'>de</span> <span class='ocrx_word' id='word_1_153' title='bbox 1106 1732 1254 1817; x_wconf 79' lang='lat' dir='ltr'>stipendio</span> 
     </span>
     <span class='ocr_line' id='line_1_18' title="bbox 8 1818 1252 1904; baseline 0.001 -19"><span class='ocrx_word' id='word_1_154' title='bbox 8 1830 9 1853; x_wconf 66' lang='lat'>¹</span> <span class='ocrx_word' id='word_1_155' title='bbox 109 1821 233 1885; x_wconf 67' lang='lat' dir='ltr'>Caesaris</span> <span class='ocrx_word' id='word_1_156' title='bbox 249 1818 409 1895; x_wconf 80' lang='lat' dir='ltr'>exercitis,</span> <span class='ocrx_word' id='word_1_157' title='bbox 425 1821 507 1904; x_wconf 94' lang='lat' dir='ltr'>quod</span> <span class='ocrx_word' id='word_1_158' title='bbox 522 1842 584 1882; x_wconf 90' lang='lat' dir='ltr'>non</span> <span class='ocrx_word' id='word_1_159' title='bbox 599 1819 696 1881; x_wconf 77' lang='lat' dir='ltr'>solum</span> <span class='ocrx_word' id='word_1_160' title='bbox 709 1820 817 1885; x_wconf 88' lang='lat' dir='ltr'>Cicero</span> <span class='ocrx_word' id='word_1_161' title='bbox 832 1821 974 1898; x_wconf 82' lang='lat' dir='ltr'>decrerit,</span> <span class='ocrx_word' id='word_1_162' title='bbox 993 1821 1043 1883; x_wconf 86' lang='lat' dir='ltr'>fed</span> <span class='ocrx_word' id='word_1_163' title='bbox 1058 1822 1160 1897; x_wconf 88' lang='lat' dir='ltr'>etiam,</span> <span class='ocrx_word' id='word_1_164' title='bbox 1172 1837 1206 1885; x_wconf 93' lang='lat' dir='ltr'>ut</span> <span class='ocrx_word' id='word_1_165' title='bbox 1223 1827 1252 1885; x_wconf 71' lang='grc' dir='ltr'>ἃ</span> 
     </span>
     <span class='ocr_line' id='line_1_19' title="bbox 105 1906 1256 1992; baseline 0.001 -20"><span class='ocrx_word' id='word_1_166' title='bbox 105 1909 153 1973; x_wconf 86' lang='lat' dir='ltr'>alii</span> <span class='ocrx_word' id='word_1_167' title='bbox 164 1910 374 1983; x_wconf 86' lang='lat' dir='ltr'>decernerent,</span> <span class='ocrx_word' id='word_1_168' title='bbox 385 1906 538 1970; x_wconf 81' lang='lat' dir='ltr'>laborarit.</span> <span class='ocrx_word' id='word_1_169' title='bbox 575 1906 720 1969; x_wconf 86' lang='lat' dir='ltr'>Decrevit</span> <span class='ocrx_word' id='word_1_170' title='bbox 729 1928 851 1991; x_wconf 89' lang='lat' dir='ltr'>quoque</span> <span class='ocrx_word' id='word_1_171' title='bbox 865 1909 902 1972; x_wconf 93' lang='lat' dir='ltr'>de</span> <span class='ocrx_word' id='word_1_172' title='bbox 911 1909 1018 1972; x_wconf 91' lang='lat' dir='ltr'>decem</span> <span class='ocrx_word' id='word_1_173' title='bbox 1028 1911 1133 1992; x_wconf 83' lang='lat' dir='ltr'>legatis</span> <span class='ocrx_word' id='word_1_174' title='bbox 1145 1908 1256 1984; x_wconf 77' lang='lat' dir='ltr'>Caesari</span> 
     </span>
     <span class='ocr_line' id='line_1_20' title="bbox 8 1994 1257 2081; baseline 0.001 -23"><span class='ocrx_word' id='word_1_175' title='bbox 8 2046 10 2081; x_wconf 55' lang='lat'>,</span> <span class='ocrx_word' id='word_1_176' title='bbox 106 1998 224 2059; x_wconf 84' lang='lat' dir='ltr'>dandis.</span> <span class='ocrx_word' id='word_1_177' title='bbox 281 1994 401 2058; x_wconf 81' lang='lat' dir='ltr'>Habuit</span> <span class='ocrx_word' id='word_1_178' title='bbox 416 1995 506 2060; x_wconf 87' lang='lat' dir='ltr'>etiam</span> <span class='ocrx_word' id='word_1_179' title='bbox 522 1996 689 2061; x_wconf 86' lang='lat' dir='ltr'>orationem</span> <span class='ocrx_word' id='word_1_180' title='bbox 701 1995 732 2056; x_wconf 91' lang='lat' dir='ltr'>in</span> <span class='ocrx_word' id='word_1_181' title='bbox 747 1994 861 2057; x_wconf 84' lang='lat' dir='ltr'>Senatu</span> <span class='ocrx_word' id='word_1_182' title='bbox 873 1997 911 2059; x_wconf 90' lang='lat' dir='ltr'>de</span> <span class='ocrx_word' id='word_1_183' title='bbox 922 1995 1083 2080; x_wconf 85' lang='lat' dir='ltr'>provinciis</span> <span class='ocrx_word' id='word_1_184' title='bbox 1093 1996 1257 2063; x_wconf 81' lang='lat' dir='ltr'>consulari-</span> 
     </span>
     <span class='ocr_line' id='line_1_21' title="bbox 9 2080 1257 2168; baseline -0.002 -21"><span class='ocrx_word' id='word_1_185' title='bbox 9 2110 10 2115; x_wconf 61' lang='grc'>’</span> <span class='ocrx_word' id='word_1_186' title='bbox 107 2086 176 2161; x_wconf 91' lang='lat' dir='ltr'>bus,</span> <span class='ocrx_word' id='word_1_187' title='bbox 189 2080 295 2167; x_wconf 79' lang='lat' dir='ltr'>inqui</span> <span class='ocrx_word' id='word_1_188' title='bbox 306 2082 422 2159; x_wconf 86' lang='lat' dir='ltr'>suadet,</span> <span class='ocrx_word' id='word_1_189' title='bbox 433 2098 466 2144; x_wconf 92' lang='lat' dir='ltr'>ut</span> <span class='ocrx_word' id='word_1_190' title='bbox 482 2082 665 2147; x_wconf 84' lang='lat' dir='ltr'>Macedonia</span> <span class='ocrx_word' id='word_1_191' title='bbox 683 2086 712 2145; x_wconf 86' lang='lat'>&amp;</span> <span class='ocrx_word' id='word_1_192' title='bbox 728 2082 815 2168; x_wconf 81' lang='lat' dir='ltr'>Syria</span> <span class='ocrx_word' id='word_1_193' title='bbox 829 2083 1137 2151; x_wconf 71' lang='lat' dir='ltr'>futurissionsulibus</span> <span class='ocrx_word' id='word_1_194' title='bbox 1153 2085 1257 2147; x_wconf 89' lang='lat' dir='ltr'>decer·</span> 
     </span>
     <span class='ocr_line' id='line_1_22' title="bbox 107 2165 1254 2255; baseline 0 -20"><span class='ocrx_word' id='word_1_195' title='bbox 107 2186 230 2251; x_wconf 80' lang='lat' dir='ltr'>uantur,</span> <span class='ocrx_word' id='word_1_196' title='bbox 249 2176 278 2233; x_wconf 72' lang='lat' dir='ltr'>u</span> <span class='ocrx_word' id='word_1_197' title='bbox 302 2166 411 2232; x_wconf 84' lang='lat' dir='ltr'>Galliae</span> <span class='ocrx_word' id='word_1_198' title='bbox 431 2165 617 2233; x_wconf 67' lang='lat' dir='ltr'>eaesariss-non</span> <span class='ocrx_word' id='word_1_199' title='bbox 638 2170 818 2232; x_wconf 83' lang='lat' dir='ltr'>adimantur.</span> <span class='ocrx_word' id='word_1_200' title='bbox 863 2170 1041 2233; x_wconf 88' lang='lat' dir='ltr'>Cornelium</span> <span class='ocrx_word' id='word_1_201' title='bbox 1061 2171 1202 2248; x_wconf 85' lang='lat' dir='ltr'>Balbum,</span> <span class='ocrx_word' id='word_1_202' title='bbox 1224 2176 1254 2255; x_wconf 75' lang='lat' dir='ltr'>dr</span> 
     </span>
     <span class='ocr_line' id='line_1_23' title="bbox 8 2256 652 2416; baseline -0.012 -91"><span class='ocrx_word' id='word_1_203' title='bbox 8 2306 12 2416; x_wconf 57' lang='lat' dir='ltr'>p</span> <span class='ocrx_word' id='word_1_204' title='bbox 109 2258 245 2324; x_wconf 85' lang='lat' dir='ltr'>Coelium</span> <span class='ocrx_word' id='word_1_205' title='bbox 254 2256 494 2333; x_wconf 67' lang='lat' dir='ltr'>deviaccusatos</span> <span class='ocrx_word' id='word_1_206' title='bbox 506 2257 652 2319; x_wconf 87' lang='lat' dir='ltr'>defendit.</span> 
     </span>
    </p>
   </div>
   <div class='ocr_carea' id='block_1_3' title="bbox 8 2355 1007 2522">
    <p class='ocr_par' dir='ltr' id='par_1_3' title="bbox 8 2355 1007 2522">
     <span class='ocr_line' id='line_1_24' title="bbox 8 2355 1007 2522; baseline 0.004 -89"><span class='ocrx_word' id='word_1_207' title='bbox 8 2429 16 2522; x_wconf 41' lang='lat' dir='ltr'>p</span> <span class='ocrx_word' id='word_1_208' title='bbox 363 2370 516 2445; x_wconf 76' lang='lat' dir='ltr'>nunus</span> <span class='ocrx_word' id='word_1_209' title='bbox 539 2355 678 2474; x_wconf 50' lang='lat' dir='ltr'>unum</span> <span class='ocrx_word' id='word_1_210' title='bbox 696 2373 911 2438; x_wconf 81' lang='lat' dir='ltr'>connrrAE</span> <span class='ocrx_word' id='word_1_211' title='bbox 934 2382 1007 2441; x_wconf 78' lang='lat' dir='ltr'>rae.</span> 
     </span>
    </p>
   </div>
   <div class='ocr_carea' id='block_1_4' title="bbox 8 2445 1272 2666">
    <p class='ocr_par' dir='ltr' id='par_1_4' title="bbox 8 2445 1272 2666">
     <span class='ocr_line' id='line_1_25' title="bbox 8 2445 1272 2584; baseline 0 -28"><span class='ocrx_word' id='word_1_212' title='bbox 8 2565 9 2572; x_wconf 8' lang='grc' dir='ltr'>ἵ</span> <span class='ocrx_word' id='word_1_213' title='bbox 59 2558 64 2567; x_wconf 79' lang='grc'>,</span> <span class='ocrx_word' id='word_1_214' title='bbox 113 2492 176 2582; x_wconf 68' lang='lat' dir='ltr'>Coffi</span> <span class='ocrx_word' id='word_1_215' title='bbox 193 2498 245 2558; x_wconf 86' lang='lat' dir='ltr'>Cn.</span> <span class='ocrx_word' id='word_1_216' title='bbox 256 2492 385 2576; x_wconf 70' lang='lat' dir='ltr'>Pompeia</span> <span class='ocrx_word' id='word_1_217' title='bbox 394 2492 507 2575; x_wconf 84' lang='lat' dir='ltr'>Magno</span> <span class='ocrx_word' id='word_1_218' title='bbox 506 2489 670 2584; x_wconf 61' lang='lat' dir='ltr'>scaprdim,</span> <span class='ocrx_word' id='word_1_219' title='bbox 687 2491 741 2554; x_wconf 90' lang='lat' dir='ltr'>M.</span> <span class='ocrx_word' id='word_1_220' title='bbox 752 2492 864 2557; x_wconf 76' lang='lat' dir='ltr'>Licinio</span> <span class='ocrx_word' id='word_1_221' title='bbox 868 2467 1033 2578; x_wconf 73' lang='lat' dir='ltr'>secundim,</span> <span class='ocrx_word' id='word_1_222' title='bbox 1047 2506 1113 2555; x_wconf 81' lang='lat' dir='ltr'>aare</span> <span class='ocrx_word' id='word_1_223' title='bbox 1123 2493 1191 2555; x_wconf 79' lang='lat' dir='ltr'>chri</span> <span class='ocrx_word' id='word_1_224' title='bbox 1212 2445 1272 2556; x_wconf 27' lang='lat' dir='ltr'>um·</span> 
     </span>
     <span class='ocr_line' id='line_1_26' title="bbox 8 2575 999 2666; baseline -0.003 -24"><span class='ocrx_word' id='word_1_225' title='bbox 8 2575 10 2630; x_wconf 86' lang='lat' dir='ltr'>l</span> <span class='ocrx_word' id='word_1_226' title='bbox 376 2585 427 2641; x_wconf 81' lang='lat'>54.</span> <span class='ocrx_word' id='word_1_227' title='bbox 467 2579 999 2666; x_wconf 67' lang='lat' dir='ltr'>t&#39;r&#39;ceronisquinquagfſsmussecundus.</span> 
     </span>
    </p>
   </div>
   <div class='ocr_carea' id='block_1_5' title="bbox 74 2677 1261 2865">
    <p class='ocr_par' dir='ltr' id='par_1_5' title="bbox 74 2677 1261 2865">
     <span class='ocr_line' id='line_1_27' title="bbox 154 2677 1261 2797; baseline -0.004 -39"><span class='ocrx_word' id='word_1_228' title='bbox 154 2693 229 2797; x_wconf 51' lang='lat' dir='ltr'>{loc</span> <span class='ocrx_word' id='word_1_229' title='bbox 249 2716 330 2757; x_wconf 86' lang='lat' dir='ltr'>anno</span> <span class='ocrx_word' id='word_1_230' title='bbox 348 2693 424 2758; x_wconf 81' lang='lat' dir='ltr'>dixit</span> <span class='ocrx_word' id='word_1_231' title='bbox 443 2677 547 2756; x_wconf 76' lang='lat' dir='ltr'>cdntra</span> <span class='ocrx_word' id='word_1_232' title='bbox 560 2693 717 2769; x_wconf 74' lang='lat' dir='ltr'>Pisonem3</span> <span class='ocrx_word' id='word_1_233' title='bbox 740 2697 811 2754; x_wconf 77' lang='lat' dir='ltr'>cum</span> <span class='ocrx_word' id='word_1_234' title='bbox 829 2689 911 2753; x_wconf 88' lang='lat' dir='ltr'>enim</span> <span class='ocrx_word' id='word_1_235' title='bbox 925 2692 987 2768; x_wconf 92' lang='lat' dir='ltr'>ille,</span> <span class='ocrx_word' id='word_1_236' title='bbox 1006 2691 1148 2754; x_wconf 87' lang='lat' dir='ltr'>suadente</span> <span class='ocrx_word' id='word_1_237' title='bbox 1171 2692 1261 2755; x_wconf 91' lang='lat' dir='ltr'>Cice-</span> 
     </span>
     <span class='ocr_line' id='line_1_28' title="bbox 74 2776 1261 2865; baseline -0.003 -20"><span class='ocrx_word' id='word_1_238' title='bbox 74 2812 78 2821; x_wconf 93' lang='lat'>·</span> <span class='ocrx_word' id='word_1_239' title='bbox 116 2801 203 2857; x_wconf 87' lang='lat' dir='ltr'>rone,</span> <span class='ocrx_word' id='word_1_240' title='bbox 217 2782 423 2844; x_wconf 70' lang='lat' dir='ltr'>dMacedonii</span> <span class='ocrx_word' id='word_1_241' title='bbox 438 2779 688 2855; x_wconf 67' lang='lat' dir='ltr'>revocamine,</span> <span class='ocrx_word' id='word_1_242' title='bbox 713 2776 843 2865; x_wconf 67' lang='lat' dir='ltr'>gravitir</span> <span class='ocrx_word' id='word_1_243' title='bbox 863 2779 901 2842; x_wconf 90' lang='lat' dir='ltr'>de</span> <span class='ocrx_word' id='word_1_244' title='bbox 925 2801 973 2865; x_wconf 65' lang='lat' dir='ltr'>eo¹</span> <span class='ocrx_word' id='word_1_245' title='bbox 982 2779 1163 2864; x_wconf 87' lang='lat' dir='ltr'>conquestus</span> <span class='ocrx_word' id='word_1_246' title='bbox 1175 2779 1217 2842; x_wconf 82' lang='lat' dir='ltr'>en</span> <span class='ocrx_word' id='word_1_247' title='bbox 1229 2781 1261 2842; x_wconf 90' lang='lat' dir='ltr'>in</span> 
     </span>
    </p>
   </div>
   <div class='ocr_carea' id='block_1_6' title="bbox 8 2855 1261 3036">
    <p class='ocr_par' dir='ltr' id='par_1_6' title="bbox 8 2855 1261 3036">
     <span class='ocr_line' id='line_1_29' title="bbox 8 2855 1261 3036; baseline -0.002 -104"><span class='ocrx_word' id='word_1_248' title='bbox 8 2863 9 2880; x_wconf 55' lang='lat'><strong>³</strong></span> <span class='ocrx_word' id='word_1_249' title='bbox 119 2869 235 3020; x_wconf 47' lang='lat' dir='ltr'>zeugin.</span> <span class='ocrx_word' id='word_1_250' title='bbox 277 2869 385 2934; x_wconf 84' lang='lat' dir='ltr'>Cicero</span> <span class='ocrx_word' id='word_1_251' title='bbox 396 2869 425 2932; x_wconf 90' lang='lat' dir='ltr'>ei</span> <span class='ocrx_word' id='word_1_252' title='bbox 439 2865 601 3036; x_wconf 41' lang='lat' dir='ltr'>respvit.</span> <span class='ocrx_word' id='word_1_253' title='bbox 645 2867 716 2931; x_wconf 90' lang='lat' dir='ltr'>Hoc</span> <span class='ocrx_word' id='word_1_254' title='bbox 726 2867 817 2931; x_wconf 90' lang='lat' dir='ltr'>etiam</span> <span class='ocrx_word' id='word_1_255' title='bbox 828 2855 964 2953; x_wconf 81' lang='lat' dir='ltr'>tempore</span> <span class='ocrx_word' id='word_1_256' title='bbox 972 2867 1087 2954; x_wconf 79' lang='lat' dir='ltr'>scripsit</span> <span class='ocrx_word' id='word_1_257' title='bbox 1097 2883 1157 2931; x_wconf 89' lang='lat' dir='ltr'>tres</span> <span class='ocrx_word' id='word_1_258' title='bbox 1169 2867 1261 2930; x_wconf 87' lang='lat' dir='ltr'>libros</span> 
     </span>
     <span class='ocr_line' id='line_1_30' title="bbox 143 2971 304 3020; baseline -0.006 0"><span class='ocrx_word' id='word_1_259' title='bbox 143 2977 160 3020; x_wconf 91' lang='lat' dir='ltr'>e</span> <span class='ocrx_word' id='word_1_260' title='bbox 234 2971 304 3020; x_wconf 88' lang='lat' dir='ltr'>tore.</span> 
     </span>
    </p>
   </div>
   <div class='ocr_carea' id='block_1_7' title="bbox 8 3026 1262 3276">
    <p class='ocr_par' dir='ltr' id='par_1_7' title="bbox 8 3026 1262 3276">
     <span class='ocr_line' id='line_1_31' title="bbox 149 3026 1013 3154; baseline -0.003 -16"><span class='ocrx_word' id='word_1_261' title='bbox 149 3122 160 3138; x_wconf 91' lang='lat'>.</span> <span class='ocrx_word' id='word_1_262' title='bbox 374 3071 526 3136; x_wconf 76' lang='lat' dir='ltr'>nunus</span> <span class='ocrx_word' id='word_1_263' title='bbox 548 3026 680 3136; x_wconf 75' lang='lat' dir='ltr'>uanis</span> <span class='ocrx_word' id='word_1_264' title='bbox 703 3068 917 3154; x_wconf 70' lang='lat' dir='ltr'>connum</span> <span class='ocrx_word' id='word_1_265' title='bbox 940 3078 1013 3135; x_wconf 87' lang='lat'><strong>699.</strong></span> 
     </span>
     <span class='ocr_line' id='line_1_32' title="bbox 8 3138 1262 3276; baseline -0.001 -25"><span class='ocrx_word' id='word_1_266' title='bbox 8 3189 9 3192; x_wconf 28' lang='lat'>¹</span> <span class='ocrx_word' id='word_1_267' title='bbox 120 3185 186 3276; x_wconf 63' lang='lat' dir='ltr'>(ff</span> <span class='ocrx_word' id='word_1_268' title='bbox 206 3189 247 3251; x_wconf 90' lang='lat' dir='ltr'>L.</span> <span class='ocrx_word' id='word_1_269' title='bbox 256 3138 404 3252; x_wconf 58' lang='lat' dir='ltr'>&#39;Domitia</span> <span class='ocrx_word' id='word_1_270' title='bbox 414 3189 585 3264; x_wconf 81' lang='lat' dir='ltr'>AEnobarbo,</span> <span class='ocrx_word' id='word_1_271' title='bbox 592 3149 658 3271; x_wconf 52' lang='lat' dir='ltr'>‘Apa</span> <span class='ocrx_word' id='word_1_272' title='bbox 680 3150 796 3253; x_wconf 77' lang='lat' dir='ltr'>Claudio</span> <span class='ocrx_word' id='word_1_273' title='bbox 817 3186 952 3263; x_wconf 77' lang='lat' dir='ltr'>Pulchro,</span> <span class='ocrx_word' id='word_1_274' title='bbox 965 3201 1031 3249; x_wconf 84' lang='lat' dir='ltr'>ante</span> <span class='ocrx_word' id='word_1_275' title='bbox 1054 3189 1190 3275; x_wconf 61' lang='lat' dir='ltr'>Christum</span> <span class='ocrx_word' id='word_1_276' title='bbox 1211 3196 1262 3253; x_wconf 68' lang='lat'>58.</span> 
     </span>
    </p>
   </div>
   <div class='ocr_carea' id='block_1_8' title="bbox 8 3275 1298 4354">
    <p class='ocr_par' dir='ltr' id='par_1_8' title="bbox 120 3275 1267 3563">
     <span class='ocr_line' id='line_1_33' title="bbox 439 3275 948 3361; baseline -0.006 -23"><span class='ocrx_word' id='word_1_277' title='bbox 439 3278 574 3339; x_wconf 76' lang='lat' dir='ltr'>Ciceronis</span> <span class='ocrx_word' id='word_1_278' title='bbox 588 3275 824 3361; x_wconf 83' lang='lat' dir='ltr'>quinquageſsmus</span> <span class='ocrx_word' id='word_1_279' title='bbox 837 3277 948 3338; x_wconf 73' lang='lat' dir='ltr'>tertius.</span> 
     </span>
     <span class='ocr_line' id='line_1_34' title="bbox 163 3387 1265 3474; baseline -0.012 -15"><span class='ocrx_word' id='word_1_280' title='bbox 163 3394 274 3458; x_wconf 84' lang='lat' dir='ltr'>Cicero</span> <span class='ocrx_word' id='word_1_281' title='bbox 291 3393 420 3474; x_wconf 84' lang='lat' dir='ltr'>absentis</span> <span class='ocrx_word' id='word_1_282' title='bbox 434 3391 526 3455; x_wconf 87' lang='lat' dir='ltr'>Crall&#39;r</span> <span class='ocrx_word' id='word_1_283' title='bbox 545 3389 663 3454; x_wconf 87' lang='lat' dir='ltr'>causam</span> <span class='ocrx_word' id='word_1_284' title='bbox 678 3392 711 3452; x_wconf 90' lang='lat' dir='ltr'>in</span> <span class='ocrx_word' id='word_1_285' title='bbox 724 3389 840 3454; x_wconf 87' lang='lat' dir='ltr'>Senatu</span> <span class='ocrx_word' id='word_1_286' title='bbox 854 3387 1003 3450; x_wconf 86' lang='lat' dir='ltr'>defendit:</span> <span class='ocrx_word' id='word_1_287' title='bbox 1029 3391 1057 3448; x_wconf 73' lang='lat' dir='ltr'>a:</span> <span class='ocrx_word' id='word_1_288' title='bbox 1074 3387 1176 3450; x_wconf 70' lang='lat' dir='ltr'>Romi</span> <span class='ocrx_word' id='word_1_289' title='bbox 1195 3407 1265 3472; x_wconf 88' lang='lat' dir='ltr'>pro-</span> 
     </span>
     <span class='ocr_line' id='line_1_35' title="bbox 120 3474 1267 3563; baseline -0.007 -20"><span class='ocrx_word' id='word_1_290' title='bbox 120 3481 138 3543; x_wconf 93' lang='lat' dir='ltr'>f</span> <span class='ocrx_word' id='word_1_291' title='bbox 227 3483 280 3558; x_wconf 91' lang='lat' dir='ltr'>,in</span> <span class='ocrx_word' id='word_1_292' title='bbox 291 3482 431 3545; x_wconf 89' lang='lat' dir='ltr'>Cumano</span> <span class='ocrx_word' id='word_1_293' title='bbox 448 3480 675 3563; x_wconf 82' lang='lat' dir='ltr'>&amp;Pompeiano</span> <span class='ocrx_word' id='word_1_294' title='bbox 689 3477 762 3539; x_wconf 86' lang='lat' dir='ltr'>fuit:</span> <span class='ocrx_word' id='word_1_295' title='bbox 776 3490 867 3557; x_wconf 91' lang='lat' dir='ltr'>atque</span> <span class='ocrx_word' id='word_1_296' title='bbox 878 3475 910 3537; x_wconf 84' lang='lat' dir='ltr'>&#39;m</span> <span class='ocrx_word' id='word_1_297' title='bbox 925 3475 1065 3537; x_wconf 88' lang='lat' dir='ltr'>Cumano</span> <span class='ocrx_word' id='word_1_298' title='bbox 1079 3474 1205 3538; x_wconf 90' lang='lat' dir='ltr'>scribere</span> <span class='ocrx_word' id='word_1_299' title='bbox 1220 3475 1267 3535; x_wconf 91' lang='lat' dir='ltr'>in·</span> 
     </span>
    </p>

    <p class='ocr_par' dir='ltr' id='par_1_9' title="bbox 8 3560 1272 4086">
     <span class='ocr_line' id='line_1_36' title="bbox 8 3560 1267 3654; baseline -0.009 -22"><span class='ocrx_word' id='word_1_300' title='bbox 8 3575 15 3652; x_wconf 60' lang='lat' dir='ltr'>l,</span> <span class='ocrx_word' id='word_1_301' title='bbox 125 3568 164 3631; x_wconf 84' lang='lat' dir='ltr'>sir</span> <span class='ocrx_word' id='word_1_302' title='bbox 202 3569 226 3630; x_wconf 94' lang='lat' dir='ltr'>it</span> <span class='ocrx_word' id='word_1_303' title='bbox 235 3571 273 3632; x_wconf 88' lang='lat' dir='ltr'>de</span> <span class='ocrx_word' id='word_1_304' title='bbox 284 3569 403 3654; x_wconf 91' lang='lat' dir='ltr'>optimo</span> <span class='ocrx_word' id='word_1_305' title='bbox 412 3567 489 3629; x_wconf 83' lang='lat' dir='ltr'>statu</span> <span class='ocrx_word' id='word_1_306' title='bbox 499 3567 636 3640; x_wconf 81' lang='lat' dir='ltr'>civitatis,</span> <span class='ocrx_word' id='word_1_307' title='bbox 651 3569 679 3628; x_wconf 74' lang='lat' dir='ltr'>u</span> <span class='ocrx_word' id='word_1_308' title='bbox 697 3564 814 3647; x_wconf 91' lang='lat' dir='ltr'>optimo</span> <span class='ocrx_word' id='word_1_309' title='bbox 829 3564 903 3624; x_wconf 87' lang='lat' dir='ltr'>cive.</span> <span class='ocrx_word' id='word_1_310' title='bbox 948 3561 1087 3625; x_wconf 67' lang='lat' dir='ltr'>Edubius</span> <span class='ocrx_word' id='word_1_311' title='bbox 1102 3570 1116 3622; x_wconf 73' lang='lat' dir='ltr'>a</span> <span class='ocrx_word' id='word_1_312' title='bbox 1129 3560 1267 3625; x_wconf 81' lang='lat' dir='ltr'>Reatinis</span> 
     </span>
     <span class='ocr_line' id='line_1_37' title="bbox 123 3649 1268 3740; baseline -0.009 -20"><span class='ocrx_word' id='word_1_313' title='bbox 123 3656 157 3720; x_wconf 87' lang='lat' dir='ltr'>in</span> <span class='ocrx_word' id='word_1_314' title='bbox 171 3660 278 3719; x_wconf 84' lang='lat' dir='ltr'>eorum</span> <span class='ocrx_word' id='word_1_315' title='bbox 293 3677 411 3740; x_wconf 86' lang='lat' dir='ltr'>agrum,</span> <span class='ocrx_word' id='word_1_316' title='bbox 427 3655 506 3739; x_wconf 91' lang='lat' dir='ltr'>apud</span> <span class='ocrx_word' id='word_1_317' title='bbox 522 3657 551 3716; x_wconf 82' lang='lat' dir='ltr'>A</span> <span class='ocrx_word' id='word_1_318' title='bbox 575 3698 583 3714; x_wconf 88' lang='lat'><strong>.</strong></span> <span class='ocrx_word' id='word_1_319' title='bbox 600 3653 763 3716; x_wconf 88' lang='lat' dir='ltr'>Claudium</span> <span class='ocrx_word' id='word_1_320' title='bbox 778 3649 837 3714; x_wconf 89' lang='lat' dir='ltr'>cos.</span> <span class='ocrx_word' id='word_1_321' title='bbox 856 3654 885 3713; x_wconf 87' lang='lat'>&amp;</span> <span class='ocrx_word' id='word_1_322' title='bbox 901 3650 1007 3712; x_wconf 91' lang='lat' dir='ltr'>decem</span> <span class='ocrx_word' id='word_1_323' title='bbox 1023 3653 1146 3734; x_wconf 82' lang='lat' dir='ltr'>legatos,</span> <span class='ocrx_word' id='word_1_324' title='bbox 1161 3671 1268 3712; x_wconf 91' lang='lat' dir='ltr'>eorum</span> 
     </span>
     <span class='ocr_line' id='line_1_38' title="bbox 124 3675 1269 3825; baseline -0.009 -19"><span class='ocrx_word' id='word_1_325' title='bbox 124 3743 227 3806; x_wconf 83' lang='lat' dir='ltr'>causas</span> <span class='ocrx_word' id='word_1_326' title='bbox 249 3759 354 3807; x_wconf 89' lang='lat' dir='ltr'>contra</span> <span class='ocrx_word' id='word_1_327' title='bbox 371 3675 587 3806; x_wconf 66' lang='lat' dir='ltr'>Interamnatis</span> <span class='ocrx_word' id='word_1_328' title='bbox 609 3742 680 3825; x_wconf 81' lang='lat' dir='ltr'>egit.</span> <span class='ocrx_word' id='word_1_329' title='bbox 725 3738 808 3802; x_wconf 83' lang='lat' dir='ltr'>Hinc</span> <span class='ocrx_word' id='word_1_330' title='bbox 829 3738 962 3800; x_wconf 88' lang='lat' dir='ltr'>Romam</span> <span class='ocrx_word' id='word_1_331' title='bbox 989 3739 1088 3812; x_wconf 90' lang='lat' dir='ltr'>rediit,</span> <span class='ocrx_word' id='word_1_332' title='bbox 1112 3737 1164 3798; x_wconf 89' lang='lat' dir='ltr'>ubi</span> <span class='ocrx_word' id='word_1_333' title='bbox 1186 3750 1269 3797; x_wconf 81' lang='lat' dir='ltr'>totus</span> 
     </span>
     <span class='ocr_line' id='line_1_39' title="bbox 124 3800 1269 3932; baseline -0.01 -37"><span class='ocrx_word' id='word_1_334' title='bbox 124 3829 232 3932; x_wconf 54' lang='lat' dir='ltr'>suifl&#39;n</span> <span class='ocrx_word' id='word_1_335' title='bbox 248 3831 342 3894; x_wconf 84' lang='lat' dir='ltr'>caulis</span> <span class='ocrx_word' id='word_1_336' title='bbox 354 3831 491 3915; x_wconf 80' lang='lat' dir='ltr'>agendis3</span> <span class='ocrx_word' id='word_1_337' title='bbox 508 3850 578 3890; x_wconf 87' lang='lat' dir='ltr'>nam</span> <span class='ocrx_word' id='word_1_338' title='bbox 593 3826 730 3890; x_wconf 90' lang='lat' dir='ltr'>defendit</span> <span class='ocrx_word' id='word_1_339' title='bbox 745 3824 887 3888; x_wconf 86' lang='lat' dir='ltr'>Messium</span> <span class='ocrx_word' id='word_1_340' title='bbox 900 3831 931 3890; x_wconf 75' lang='lat' dir='ltr'>u</span> <span class='ocrx_word' id='word_1_341' title='bbox 941 3800 1269 3900; x_wconf 54' lang='lat' dir='ltr'>Drusumpi&#39;atinium</span> 
     </span>
     <span class='ocr_line' id='line_1_40' title="bbox 124 3907 1269 4004; baseline -0.008 -25"><span class='ocrx_word' id='word_1_342' title='bbox 124 3919 267 4004; x_wconf 77' lang='lat' dir='ltr'>dignitati</span> <span class='ocrx_word' id='word_1_343' title='bbox 284 3917 345 3981; x_wconf 86' lang='lat' dir='ltr'>suae</span> <span class='ocrx_word' id='word_1_344' title='bbox 360 3918 477 4000; x_wconf 89' lang='lat' dir='ltr'>semper</span> <span class='ocrx_word' id='word_1_345' title='bbox 496 3916 639 3998; x_wconf 80' lang='lat' dir='ltr'>infestum</span> <span class='ocrx_word' id='word_1_346' title='bbox 663 3914 782 3977; x_wconf 89' lang='lat' dir='ltr'>dnobus</span> <span class='ocrx_word' id='word_1_347' title='bbox 802 3913 929 3998; x_wconf 84' lang='lat' dir='ltr'>publicis</span> <span class='ocrx_word' id='word_1_348' title='bbox 944 3913 1065 3998; x_wconf 78' lang='lat' dir='ltr'>judiciis</span> <span class='ocrx_word' id='word_1_349' title='bbox 1081 3926 1195 3973; x_wconf 88' lang='lat' dir='ltr'>tutatus</span> <span class='ocrx_word' id='word_1_350' title='bbox 1216 3907 1269 3971; x_wconf 90' lang='lat' dir='ltr'>est.</span> 
     </span>
     <span class='ocr_line' id='line_1_41' title="bbox 122 3995 1272 4086; baseline -0.01 -18"><span class='ocrx_word' id='word_1_351' title='bbox 122 4003 187 4068; x_wconf 89' lang='lat' dir='ltr'>-Pro</span> <span class='ocrx_word' id='word_1_352' title='bbox 197 4007 246 4070; x_wconf 88' lang='grc' dir='ltr'>Μ.</span> <span class='ocrx_word' id='word_1_353' title='bbox 271 4005 399 4068; x_wconf 82' lang='lat' dir='ltr'>AEmilio</span> <span class='ocrx_word' id='word_1_354' title='bbox 410 4005 534 4079; x_wconf 89' lang='lat' dir='ltr'>Scauro,</span> <span class='ocrx_word' id='word_1_355' title='bbox 546 4005 599 4086; x_wconf 89' lang='lat' dir='ltr'>qui</span> <span class='ocrx_word' id='word_1_356' title='bbox 611 4002 628 4065; x_wconf 82' lang='lat' dir='ltr'>i</span> <span class='ocrx_word' id='word_1_357' title='bbox 638 4003 759 4064; x_wconf 85' lang='lat' dir='ltr'>Triario</span> <span class='ocrx_word' id='word_1_358' title='bbox 777 4004 1013 4085; x_wconf 87' lang='lat' dir='ltr'>repetundarum</span> <span class='ocrx_word' id='word_1_359' title='bbox 1035 3999 1201 4083; x_wconf 86' lang='lat' dir='ltr'>postulatus</span> <span class='ocrx_word' id='word_1_360' title='bbox 1216 3995 1272 4070; x_wconf 91' lang='lat' dir='ltr'>est,</span> 
     </span>
    </p>

    <p class='ocr_par' dir='ltr' id='par_1_10' title="bbox 8 4083 1298 4354">
     <span class='ocr_line' id='line_1_42' title="bbox 8 4083 1298 4176; baseline -0.012 -18"><span class='ocrx_word' id='word_1_361' title='bbox 8 4105 11 4170; x_wconf 76' lang='lat' dir='ltr'>l</span> <span class='ocrx_word' id='word_1_362' title='bbox 119 4094 210 4176; x_wconf 66' lang='lat' dir='ltr'>apud</span> <span class='ocrx_word' id='word_1_363' title='bbox 226 4091 276 4155; x_wconf 90' lang='lat' dir='ltr'>M.</span> <span class='ocrx_word' id='word_1_364' title='bbox 292 4092 441 4163; x_wconf 70' lang='lat' dir='ltr'>Catonem</span> <span class='ocrx_word' id='word_1_365' title='bbox 455 4091 620 4154; x_wconf 85' lang='lat' dir='ltr'>Praetorem</span> <span class='ocrx_word' id='word_1_366' title='bbox 636 4089 725 4165; x_wconf 73' lang='lat' dir='ltr'>dixit,</span> <span class='ocrx_word' id='word_1_367' title='bbox 747 4091 822 4152; x_wconf 88' lang='lat' dir='ltr'>item</span> <span class='ocrx_word' id='word_1_368' title='bbox 837 4111 891 4173; x_wconf 90' lang='lat' dir='ltr'>pro</span> <span class='ocrx_word' id='word_1_369' title='bbox 905 4089 1033 4162; x_wconf 82' lang='lat' dir='ltr'>Planc03</span> <span class='ocrx_word' id='word_1_370' title='bbox 1049 4083 1272 4148; x_wconf 80' lang='lat' dir='ltr'>extremissimi</span> <span class='ocrx_word' id='word_1_371' title='bbox 1294 4129 1298 4132; x_wconf 81' lang='grc'><em>.</em></span> 
     </span>
     <span class='ocr_line' id='line_1_43' title="bbox 122 4169 1273 4266; baseline -0.008 -25"><span class='ocrx_word' id='word_1_372' title='bbox 122 4179 296 4255; x_wconf 75' lang='lat' dir='ltr'>mensibus,</span> <span class='ocrx_word' id='word_1_373' title='bbox 318 4179 455 4264; x_wconf 89' lang='lat' dir='ltr'>Pompeii</span> <span class='ocrx_word' id='word_1_374' title='bbox 470 4193 587 4264; x_wconf 85' lang='lat' dir='ltr'>rogatu,</span> <span class='ocrx_word' id='word_1_375' title='bbox 598 4200 653 4266; x_wconf 87' lang='lat' dir='ltr'>pro</span> <span class='ocrx_word' id='word_1_376' title='bbox 669 4174 843 4257; x_wconf 76' lang='lat' dir='ltr'>Gabinio,i</span> <span class='ocrx_word' id='word_1_377' title='bbox 857 4175 1059 4261; x_wconf 89' lang='lat' dir='ltr'>quoConsule</span> <span class='ocrx_word' id='word_1_378' title='bbox 1070 4171 1209 4257; x_wconf 82' lang='lat' dir='ltr'>expulsus</span> <span class='ocrx_word' id='word_1_379' title='bbox 1218 4169 1273 4248; x_wconf 88' lang='lat' dir='ltr'>est,</span> 
     </span>
     <span class='ocr_line' id='line_1_44' title="bbox 127 4265 986 4354; baseline -0.003 -23"><span class='ocrx_word' id='word_1_380' title='bbox 127 4269 231 4354; x_wconf 75' lang='lat' dir='ltr'>&amp;pro</span> <span class='ocrx_word' id='word_1_381' title='bbox 246 4267 374 4332; x_wconf 87' lang='lat' dir='ltr'>Rabirio</span> <span class='ocrx_word' id='word_1_382' title='bbox 386 4265 562 4346; x_wconf 82' lang='lat' dir='ltr'>Posihurno.</span> <span class='ocrx_word' id='word_1_383' title='bbox 950 4286 986 4311; x_wconf 92' lang='lat'>··</span> 
     </span>
    </p>
   </div>
   <div class='ocr_carea' id='block_1_9' title="bbox 182 4536 243 4656">
    <p class='ocr_par' dir='ltr' id='par_1_11' title="bbox 182 4536 243 4656">
     <span class='ocr_line' id='line_1_45' title="bbox 182 4536 243 4656; baseline 0 -24"><span class='ocrx_word' id='word_1_384' title='bbox 182 4536 243 4656; x_wconf 63' lang='lat' dir='ltr'>o</span> 
     </span>
    </p>
   </div>
   <div class='ocr_carea' id='block_1_10' title="bbox 822 4370 838 4403">
    <p class='ocr_par' dir='ltr' id='par_1_12' title="bbox 822 4370 838 4403">
     <span class='ocr_line' id='line_1_46' title="bbox 822 4370 838 4403; baseline 0 0"><span class='ocrx_word' id='word_1_385' title='bbox 822 4370 838 4403; x_wconf 64' lang='lat' dir='ltr'>b</span> 
     </span>
    </p>
   </div>
   <div class='ocr_carea' id='block_1_11' title="bbox 0 0 1442 4775">
    <p class='ocr_par' dir='ltr' id='par_1_13' title="bbox 0 0 1442 4775">
     <span class='ocr_line' id='line_1_47' title="bbox 0 0 1442 4775; baseline 0 0"><span class='ocrx_word' id='word_1_386' title='bbox 0 0 1442 4775; x_wconf 95' lang='lat' dir='ltr'> </span> 
     </span>
    </p>
   </div>
  </div>
 </body>
</html>
