2825 4775
200 241 297 321 tto?
470 241 474 246 ’
550 241 600 312 Μ.
642 237 795 308 TULLII
817 237 1048 308 CICERONIS

238 387 271 462 n,
282 397 317 448 ut
331 379 484 446 nonnullis
497 375 530 442 in
540 375 713 444 civitaniua
726 375 793 440 sieri
804 376 889 453 solet,
903 389 1049 466 patronus
1063 369 1135 440 huic
1154 375 1250 441 causae
1262 375 1347 461 pub·

236 475 292 537 lici
304 469 546 544 constitueretur,
570 467 596 529 is
610 461 783 550 potiffimlr
797 465 913 530 honore
926 463 1038 529 adesto
1053 463 1192 528 defensor
1206 467 1350 543 meur,-

195 560 293 644 arqui
302 560 412 621 eodem
425 558 541 620 honore
551 553 695 638 preditus
707 551 881 615 nonminue
896 554 1015 616 afferret
1030 555 1068 616 ad
1086 553 1249 638 dicendum
1264 569 1342 616 auc·

235 647 364 710 totitatis
391 665 484 728 quam
508 641 670 706 facultatis.
715 639 849 725 Quddsr
874 637 1006 724 e'portu
1033 639 1215 706 solventibus
1239 640 1260 702 ii
1284 641 1343 724 qui

233 735 339 822 jamin
349 747 471 818 portum
485 751 523 793 ex
539 735 555 780 h
570 731 632 792 alto
655 728 851 804 invehuntur,
866 729 1028 814 praecipere
1045 728 1163 792 summo
1178 729 1274 792 studio
1290 726 1339 790 so-

236 825 300 886 lent
327 827 357 885 δι
382 817 596 903 tempestatum
608 817 768 890 rationem,
785 819 815 880 &
831 817 1064 900 praedonum&
1080 820 1237 893 locorum,
1252 816 1338 900 quod

237 925 345 974 natura
356 908 443 972 affert
452 921 487 971 ut
501 906 545 969 eia
556 906 724 981 faveamus,
739 904 792 987 qui
806 905 914 966 eadem
922 905 1067 990 pericula,
1082 907 1192 990 quibua
1205 925 1261 968 noa
1269 925 1342 988 per-

195 998 341 1065 stisundti
355 996 470 1072 sumue,
489 993 717 1080 ingrediantur3
741 991 803 1074 quo
816 994 940 1057 tandem
963 1013 1013 1056 me
1027 994 1129 1056 animo
1143 994 1201 1058 esse
1214 1004 1335 1077 oportet

236 1108 331 1172 prope
356 1087 423 1171 jam
448 1105 486 1146 ex
500 1088 609 1166 magni
631 1080 798 1166 jadiatione
820 1093 931 1144 terram
944 1081 1108 1159 videntem,
1124 1082 1156 1144 in
1170 1082 1263 1159 hunc,
1285 1077 1339 1144 eui

235 1176 325 1240 video
347 1172 494 1236 maximae
517 1171 593 1254 reip.
619 1167 811 1253 tempestates
825 1169 883 1233 effe
901 1169 1093 1234 subeundas?
1116 1169 1233 1257 Quare,
1255 1165 1337 1232 srest

237 1263 310 1325 boni
323 1260 454 1325 consulit
478 1279 541 1320 mn
565 1256 659 1320 soldm
679 1257 781 1320 videre
801 1257 875 1339 quid
896 1270 1012 1343 agatur,
1034 1261 1139 1322 uerum
1160 1259 1252 1322 etiam
1265 1277 1338 1342 pro·

237 1351 339 1414 videre
365 1348 439 1432 quid
462 1345 602 1408 futurum
616 1345 668 1406 fit:
689 1343 846 1408 ostendam
872 1345 931 1430 alio
957 1347 1035 1423 loco,
1060 1352 1210 1430 quantum
1235 1345 1338 1409 salutis

195 1436 411 1505 locommunis
425 1433 550 1508 interfit,
564 1432 641 1495 duoe
651 1432 800 1496 Consules
813 1433 846 1495 in
856 1433 1010 1518 republict
1028 1431 1171 1498 Calendis
1187 1433 1336 1498 Januuriie

237 1525 305 1587 effe.
350 1519 447 1608 Qudd
460 1519 482 1582 fi
495 1521 539 1584 ita
558 1519 624 1596 est,
647 1541 710 1584 non
724 1534 787 1583 tam
805 1541 855 1584 me
874 1519 1010 1585 officium
1030 1521 1136 1586 debuit
1153 1522 1191 1583 ad
1205 1521 1338 1586 hominia

237 1610 328 1675 amici
341 1610 490 1684 fortunas,
509 1615 601 1691 quim
621 1607 789 1694 respublica
814 1608 967 1673 consulem
982 1611 1022 1672 ad
1046 1629 1241 1674 communem
1258 1611 1338 1675 salu·

236 1715 302 1767 tem
324 1696 546 1761 defendendam
574 1717 690 1759 vocare.
735 1695 819 1759 Nam
848 1695 933 1780 quod
947 1698 1047 1783 legem
1061 1699 1100 1762 de
1125 1697 1241 1761 ambitu
1266 1701 1335 1780 tuli,

199 1854 204 1873 ¹
238 1792 319 1853 certe
329 1787 372 1850 ita
399 1785 467 1861 tuli,
482 1799 517 1847 ut
530 1805 609 1859 eam,
635 1805 727 1866 quam
741 1783 933 1870 mihimetipsi
945 1785 1128 1870 jampridem
1153 1787 1272 1862 tulerim
1298 1790 1338 1854 de
1402 1847 1403 1856 ,

195 1875 354 1942 oocivium
369 1872 508 1956 periculis
522 1872 732 1949 defendendis,
746 1893 809 1935 non
829 1871 1014 1957 abrogarem.
1058 1873 1182 1936 Etenim
1205 1874 1225 1936 ti
1246 1876 1334 1960 largi·

238 1964 353 2025 tionem
367 1959 482 2023 sadiam
495 1960 553 2023 eise
577 1959 749 2036 confiterer,
774 1960 866 2043 idque
880 1959 962 2024 retii
981 1959 1099 2022 fastum
1113 1961 1172 2025 effe
1195 1961 1339 2028 desende-

237 2071 323 2126 rem;
335 2047 481 2112 tacerem
500 2047 790 2133 irnprobe,etiams1
809 2048 886 2111 aliua
910 2049 1010 2132 legem
1025 2048 1156 2124 tulisset,
1180 2051 1250 2112 edm
1264 2073 1337 2116 vero
1402 2077 1403 2134 j

237 2138 312 2202 nihii
337 2136 527 2201 commissum
549 2151 653 2199 contra
678 2138 778 2222 legem
803 2135 861 2198 esse
886 2135 1060 2222 defendam,
1083 2135 1223 2221 quidest
1252 2141 1334 2222 quod
1402 2143 1403 2220 i

236 2245 337 2289 meam
346 2224 550 2288 desenfionem
560 2224 632 2286 latio
643 2223 718 2310 legis
730 2222 900 2306 impediat?
947 2291 951 2302 ,
1402 2223 1403 2304 i

279 2313 320 2375 11.
342 2312 444 2400 Negat
468 2312 525 2375 effe
548 2309 683 2398 ejusdem
712 2310 884 2387 severitatis,
917 2309 1091 2388 Catilinam,
1120 2311 1247 2377 exitium
1275 2317 1335 2379 rei·
1402 2311 1403 2316 ’

235 2402 308 2489 pub.
333 2403 413 2466 intra
432 2401 547 2466 moenia
578 2401 764 2463 molientem.
801 2400 910 2478 verbis,
940 2403 1072 2484 &pene
1108 2400 1235 2486 imperio
1260 2405 1334 2468 urbe

191 2499 196 2509 '
233 2490 396 2577 expulisse,
433 2492 569 2555 &nunc
593 2508 649 2571 pro
674 2486 711 2551 L.
742 2486 881 2552 Muraena
907 2486 1017 2551 dicere.
1062 2488 1128 2575 Ego
1153 2502 1255 2553 autem
1280 2490 1336 2557 hae

234 2579 334 2727 partee
364 2578 495 2643 lenitatis
520 2582 550 2641 δι
576 2575 798 2651 misericordiae,
831 2596 915 2677 quae·
925 2596 975 2641 me
1000 2590 1107 2639 natura
1132 2574 1194 2661 ipsa
1219 2578 1336 2657 docuit,

191 2686 351 2818 ssiiiii'
368 2688 431 2815 iii
449 2667 598 2837 iiiiii,
620 2664 1336 2836 iiiinviiiuffiiiisiiiiiiisqiistffi

232 2839 307 2903 sicut
330 2839 423 2925 hujus
442 2840 561 2923 imperii
584 2838 714 2923 dignitas
740 2840 772 2901 in
800 2838 918 2901 summo
937 2838 1072 2923 periculo
1092 2840 1204 2903 civium
1229 2840 1336 2925 posiu-

230 2926 320 2989 iamt.
366 2928 461 3013 Quod
486 2927 506 2988 si
530 2940 609 3003 tum,
642 2924 715 2989 edm
743 2924 862 3011 respub.
891 2926 955 2989 vim
986 2930 1015 2990 ἃ
1044 2927 1228 2993 severitatem
1258 2930 1336 2992 deli-

230 3014 364 3094 derabat,
394 3015 452 3079 uici
481 3026 630 3091 naturam,
669 3018 700 3077 dr
737 3025 800 3075 tam
836 3012 999 3078 vehemens
1028 3015 1085 3092 sui,
1115 3017 1208 3101 quim
1242 3038 1336 3104 coge-

229 3099 293 3178 bar,
333 3124 396 3167 non
421 3099 514 3185 quim
538 3101 698 3165 uolebam:
731 3122 824 3177 nunc,
854 3106 923 3165 cim
952 3124 1058 3167 omnes
1083 3124 1134 3167 me
1167 3104 1263 3169 causae
1294 3107 1335 3169 ad
1401 3132 1402 3187 3

148 3218 156 3224 ·
191 3189 477 3269 lomisericordiam,
505 3202 597 3272 atque
623 3189 661 3251 ad
677 3188 898 3252 humanitatem
922 3206 1042 3269 vocent,
1072 3206 1187 3275 quanto
1207 3192 1335 3257 tandem
1401 3242 1402 3269 ,

189 3356 193 3367 Ι
229 3278 328 3343 siudio
349 3280 446 3347 debeo
480 3292 596 3342 uaturae
624 3298 702 3341 meae
731 3276 1003 3365 consuetudinique
1027 3278 1034 3331 i
1057 3276 1188 3345 servire?
1227 3280 1339 3345 Aede
1401 3288 1402 3374 i

371 3474 388 3519 e
399 3457 510 3543 gerenti
523 3454 740 3543 Magistratum.
808 3459 824 3505 Ι]
840 3454 924 3516 mari.
998 3454 1125 3549 lobedire.

124 3645 129 3655 ⁸
187 3624 191 3630 ¹
215 3634 255 3681 51.
279 3630 413 3687 Ermogno
422 3634 549 3693 jactatione
564 3640 649 3680 terrum
662 3634 740 3681 osden-
773 3634 861 3681 conon
889 3635 976 3692 legem,
999 3636 1028 3679 ut
1054 3634 1207 3681 &natantur
1228 3634 1337 3684 emhilde

182 3696 248 3753 tem]
276 3696 407 3757 Aliegurici
428 3698 538 3759 loquiturl
554 3698 585 3743 de
609 3700 741 3745 Consulatu
771 3696 890 3745 damnatis
908 3712 970 3757 aqua
986 3697 1009 3743 dt
1038 3697 1086 3757 igni
1101 3698 1286 3747 interdiceretur
1305 3704 1338 3749 ad

181 3775 233 3818 nto,
248 3762 288 3823 qui
297 3762 407 3811 Calendis
415 3762 533 3809 ianuariis
547 3760 663 3822 proximis
677 3761 739 3809 liniri
772 3760 1152 3822 annosdeeem,&1rtiuplebem
1159 3776 1232 3823 poena
1239 3766 1338 3824 grauior

180 3826 293 3883 debebat,
311 3840 383 3888 quem
389 3826 460 3872 teriia
468 3827 583 3885 agitatum
595 3826 665 3871 suinae
676 3833 739 3872 tem·
772 3832 843 3883 enet,
852 3824 924 3887 quim
934 3829 986 3887 lege
998 3828 1128 3887 Calpurnia
1138 3827 1227 3874 tirimet.
1238 3828 1338 3889 ‚ltaque

179 3888 312 3953 pertatibue
328 3891 364 3937 ait
376 3895 472 3951 propter
487 3890 596 3939 Catiliuoe
611 3890 739 3949 conjurati·
772 3892 897 3950 mpondet
908 3890 1002 3947 Catoni,
1013 3891 1075 3951 quod
1085 3892 1189 3952 priorem
1199 3892 1245 3937 bne
1254 3894 1339 3939 amb*-

180 3969 260 4005 0uem.
772 3960 872 4015 tuelege
890 3955 1035 4015 imponent,
1055 3954 1339 4003 oiveevidelicetdesen·
1400 3964 1401 3991 l

213 4020 253 4068 ⁵5.
265 4016 332 4067 Duos
340 4014 461 4075 romulee]
472 4018 505 4066 Ι).
517 4018 740 4067 siranusnnturae-
772 4020 842 4077 dere,
862 4024 885 4069 2.
905 4020 960 4067 huie
976 4019 1097 4080 posteriori
1108 4020 1212 4081 priorem
1228 4022 1339 4067 raonob·
1400 4046 1401 4081 ,

180 4084 214 4131 ria
240 4082 348 4134 Ciceuru
368 4084 391 4129 dt
414 4083 518 4133 Antonio
536 4084 561 4131 iu
583 4085 738 4133 conuiuatum
769 4093 832 4133 etare
851 4085 931 4131 inhuc
947 4098 1029 4141 eausa,
1048 4084 1105 4145 quie
1122 4086 1188 4133 uulsa
1205 4081 1339 4144 largitio}

180 4150 350 4197 nicceasemut.
771 4152 880 4197 Murena
891 4150 957 4195 sactu
966 4156 1010 4196 est.

213 4214 249 4261 ib.
259 4208 567 4269 calendis.sanueriisesse.]
575 4214 687 4261 Calendis
695 4217 738 4261 ln·
806 4217 826 4260 1.
866 4212 941 4275 si'egus
973 4230 1020 4259 erte
1051 4213 1147 4273 ejusdem
1178 4210 1338 4270 earnalia]

62 4278 72 4294 ‘
170 4276 445 4337 ,uunnjandesignoti
457 4280 734 4339 Magistratuminibnnt.
768 4278 851 4325 Tertia
874 4276 971 4327 Catonia
996 4276 1106 4339 objectio,
1130 4291 1179 4339 qun
1205 4278 1270 4325 Cato
1296 4279 1338 4325 in-

208 4343 251 4394 68.
279 4341 363 4407 Legem
384 4344 411 4390 de
435 4340 542 4401 ambitu]
558 4345 624 4393 Tulit
652 4345 737 4393 cicero
768 4342 908 4393 corutuntiae
945 4354 1043 4404 urguere
1082 4345 1224 4393 Ciceronem
1264 4342 1339 4391 ride·
