2825 4775
378 225 552 318 onemo
573 227 734 326 enon.
757 228 928 302 coneto.
1171 245 1236 306 ere

100 378 169 429 eum
182 363 312 440 videram
321 363 429 430 smstra
439 365 617 452 litigantem.
662 365 736 430 Tibi
749 379 864 446 autem,
872 364 978 445 Balbe,
993 366 1193 452 respondebo,

98 451 229 536 primirm
239 448 383 538 precario,
399 453 546 532 silicet,sr
560 451 606 518 sas
617 451 672 530 est,
685 453 811 518 defendi
823 463 840 520 i
850 477 900 519 me
909 478 993 532 eum,
1006 456 1062 542 qui
1070 457 1192 522 nullum

98 540 265 606 convivium
279 562 294 594 e
309 543 452 620 renuerit,
474 541 529 626 qui
544 545 699 628 unguenta
714 541 883 627 sumpserit,
897 545 952 628 qui
969 544 1057 610 Baiae
1072 545 1192 612 viderit.

96 627 244 712 Equidem
258 631 369 695 multos
386 635 415 694 δι
430 629 493 693 vidi
508 628 540 693 in
554 629 611 696 hac
626 629 759 707 civitate,
773 633 803 694 &
818 631 931 709 audivi,
950 653 1014 695 non
1029 631 1122 697 modb
1139 632 1193 719 qui

94 716 270 798 primoribus
292 719 381 783 labris
395 714 556 804 gustassent
570 739 667 805 genus
680 717 740 782 hoc
750 718 834 794 vitae,
849 719 880 783 dt
902 721 1057 794 extremis,
1071 736 1106 784 ut
1117 721 1240 789 dici-60

96 817 155 879 tur,
181 804 280 890 digitis
294 807 465 892 attigissent,
497 805 550 869 sed
563 808 618 891 qui
631 819 729 872 totam
743 805 975 870 adolescentiam
989 808 1195 893 voluptatrbua

92 887 275 972 dedidissent,
296 895 441 959 emersisse
456 894 632 978 aliquando,
658 899 687 958 nr
705 893 789 957 lead
802 893 924 981 frugem
935 896 1059 973 bonam,
1069 911 1104 960 ut
1117 897 1193 962 dici-

91 991 149 1056 tur,
163 983 315 1068 recepisse,
340 983 505 1071 gravesque
526 979 667 1044 homines
690 993 781 1064 atque
804 981 936 1045 illustres
950 982 1047 1046 fuisse.
1092 983 1195 1060 Datur

92 1068 171 1130 enlm
189 1070 328 1136 concessu
343 1071 484 1136 omnium
513 1069 586 1132 huic
601 1068 711 1152 aliquis
725 1067 817 1132 ludus
832 1069 925 1145 aetati,
950 1072 980 1133 ἃ
1002 1070 1064 1154 ipsa
1085 1087 1194 1136 natura

91 1155 244 1238 profundit
258 1159 470 1229 adolescentiae
482 1155 681 1241 cupiditates:
704 1177 774 1239 quae
790 1155 811 1216 si
826 1155 868 1218 ita
881 1170 1058 1240 erumpunt,
1074 1171 1109 1221 ut
1123 1161 1250 1228 nul.65.

90 1243 145 1308 lius
158 1245 251 1318 vitam
268 1253 281 1298 f
300 1235 498 1323 labesastent‚
521 1245 636 1308 nullius
650 1243 779 1307 domum
802 1258 949 1320 evertant,
970 1244 1076 1309 faciles
1092 1249 1123 1310 δι
1148 1260 1196 1310 to·

88 1330 222 1397 serabiles
236 1329 342 1398 haberi
368 1335 474 1398 solent.
522 1332 584 1396 Sed
596 1345 630 1396 tu
647 1329 724 1394 mibi
734 1331 874 1394 videbare
885 1354 924 1396 ex
935 1335 1096 1396 communi
1115 1333 1196 1398 infa-

88 1421 155 1496 mis,
181 1404 352 1508 juv'entutis
364 1423 499 1508 aliquam
512 1421 657 1484 invidiam
672 1417 774 1482 Coelio
797 1420 901 1485 velles
920 1419 1075 1499 conflare,
1090 1424 1195 1507 itaque

87 1529 177 1572 omne
192 1509 270 1573 illud
281 1510 445 1588 silentium,
453 1511 536 1595 qubd
551 1508 595 1573 est
609 1507 741 1572 orationi
752 1507 905 1571 tributum
916 1524 988 1585 tuae,
1003 1508 1064 1572 fuit
1077 1510 1201 1576 obeam·

86 1598 217 1675 causam,
241 1593 325 1680 quod
339 1597 402 1663 uno
425 1618 481 1662 reo
492 1596 654 1682 proposito,
675 1595 715 1659 de
743 1597 911 1660 multorum
924 1595 1005 1660 vitiis
1032 1597 1186 1684 cogitaba-
1195 1602 1242 1666 70

84 1706 164 1748 mue.
211 1683 311 1750 Facile
321 1685 365 1749 est
377 1683 514 1764 accus'are
530 1685 702 1764 luxuriam,
717 1681 786 1747 dies·
793 1685 858 1768 jam
868 1705 917 1768 me
926 1681 1060 1763 deficiet,
1076 1685 1112 1763 fi,
1123 1710 1194 1771 quae

86 1771 145 1837 dici
161 1773 193 1834 in
210 1795 277 1836 eam
287 1773 466 1839 sententiam
478 1773 611 1858 poffunt,
625 1791 718 1835 coner
726 1793 925 1856 expromere3
949 1773 987 1836 de
1002 1775 1195 1858 corruptelis,

86 1861 120 1924 de
131 1859 304 1938 adulteriis,
334 1860 372 1926 de
394 1861 601 1948 protervitate,
617 1859 656 1924 de
674 1859 855 1945 sumptibus,
870 1859 1018 1934 immensa
1037 1861 1135 1925 oratio
1149 1863 1194 1927 est

86 1963 117 2011 ut
130 1948 185 2013 tibi
201 1971 291 2014 reum
306 1949 535 2028 neminem,sed
547 1949 622 2013 vitia
643 1969 816 2035 proponas,
838 1969 886 2016 res
901 1964 1006 2013 tamen
1016 1949 1078 2035 ipsa
1094 1955 1124 2016 8<
1141 1973 1193 2016 co-

83 2035 165 2118 'pioed
183 2041 213 2102 dc
225 2033 361 2124 graviter
372 2035 503 2110 accusari
518 2036 626 2123 potest.
684 2035 748 2100 Sed
760 2035 867 2101 vestrae
892 2036 1046 2122 sapientiae
1057 2037 1113 2117 est,
1132 2038 1238 2108 tit-7⁵

86 2123 173 2202 dices,
196 2147 265 2190 nora
288 2121 398 2200 abduci
421 2125 458 2192 ab
486 2147 559 2192 reo:
598 2146 655 2191 nec
667 2145 748 2210 quoa
771 2125 892 2189 aculeos
920 2125 1030 2192 babeat
1052 2125 1194 2194 severitas
1243 2203 1248 2214 Ι

85 2211 271 2312 gravitasque
282 2209 390 2292 restra,
412 2219 481 2278 cbm
496 2235 550 2278 eos
570 2211 750 2278 accusatori
766 2213 895 2277 erexerit
909 2213 941 2276 in
955 2235 1033 2291 rem,
1058 2214 1193 2294 invitia,

86 2321 117 2362 m
130 2323 237 2381 mores,
272 2303 304 2366 in
318 2315 467 2388 tempora,
493 2301 632 2366 emittere
650 2297 863 2380 inhominem,
889 2305 919 2366 δι
932 2301 1086 2368 inreum:
1117 2303 1194 2368 clim

87 2385 111 2449 is
133 2411 190 2455 non
201 2390 257 2456 suo
272 2390 410 2470 crimine,
429 2392 488 2455 sed
503 2390 672 2456 multorum
696 2390 771 2455 vitio
794 2388 829 2453 fit
854 2390 886 2454 in
900 2388 1058 2476 quoddam
1074 2393 1192 2456 ‚odium

84 2474 224 2561 injustum
237 2494 379 2544 vocatus.
425 2477 692 2563 itaqueseveritati
704 2492 778 2553 tuae,
801 2492 836 2542 ut
849 2493 981 2562 oportet,
1007 2478 1050 2541 ita
1063 2478 1237 2563 respon-80

84 2560 150 2629 dere
164 2590 225 2633 non
239 2568 363 2638 audeo:
383 2570 544 2633 eratenim
560 2588 665 2630 meum
676 2566 834 2650 deprecari
851 2569 858 2615 i
875 2568 1064 2629 vacationem
1088 2567 1192 2631 adole-

85 2648 208 2735 scentiae,
230 2656 419 2739 veniamque
440 2668 563 2739 petere:
589 2676 663 2733 non,
679 2654 948 2736 inquam,paudeo:
962 2651 1110 2740 perfugiis
1128 2678 1193 2721 nou

86 2753 150 2804 utor
163 2744 281 2810 aetatis:
320 2742 455 2809 concessa
469 2741 612 2809 omnibus
632 2744 702 2829 jura
723 2740 863 2806 dimitto:
888 2748 1018 2815 tantbm,
1043 2756 1127 2827 peto,
1145 2760 1195 2823 ut,

85 2823 174 2914 fiqua
189 2833 231 2897 est
265 2826 380 2895 invidia
399 2832 572 2896 communis
597 2830 656 2894 hoc
678 2844 817 2915 tempore
831 2829 899 2895 aeris
920 2830 1022 2909 alieni,
1052 2834 1192 2917 petulan-

86 2915 142 2995 tiae,
166 2920 333 2985 libidinum
355 2918 537 3009 juventutis,
559 2940 634 3005 quas
647 2918 810 2993 videoesse
835 2939 975 3006 magnae,
1002 2942 1046 2985 ue
1065 2920 1140 2986 buic
1157 2929 1235 2989 2285
1265 2921 1267 2924 ’

123 3136 139 3229 f
158 3121 310 3189 vitaverit.
334 3125 348 3173 f
364 3122 559 3187 contaminent.
582 3141 599 3189 ε
608 3136 729 3209 parere.
750 3119 920 3207 hdthertt.
951 3122 1194 3185 immunitatem.

115 3322 153 3371 b'fi.
177 3324 279 3375 Frustra
305 3322 454 3387 litigantem]
488 3326 556 3387 Snpe
575 3326 646 3373 eauob
678 3325 786 3374 verbrum
802 3329 839 3370 est
853 3325 953 3372 duobrm
967 3324 999 3371 ab
1010 3323 1088 3383 linqui
1107 3322 1189 3371 cibum
1199 3332 1252 3375 nnn

85 3389 203 3438 recideret
213 3392 321 3446 delnt,
335 3390 507 3439 immovidetm
518 3391 603 3439 Cicero
611 3393 647 3437 le-
678 3395 762 3449 potum
777 3388 882 3436 tenuiter
905 3389 1041 3447 demutant,
1060 3387 1126 3435 nibil
1138 3387 1194 3435 iude
1214 3390 1240 3439 in

84 3454 161 3503 tenter
171 3454 281 3505 indicare
292 3455 495 3518 prevaricationis
506 3454 578 3503 titione
596 3468 647 3501 nra-
679 3455 829 3501 rtomacbum
840 3452 1038 3501 manumittentes.

88 3524 194 3575 veebum,
528 3560 529 3563 ,
714 3520 752 3567 lb.
763 3517 884 3565 Extremo
896 3514 997 3574 discitis]
1014 3516 1171 3566 Proverbitm
1178 3519 1240 3582 ejm.

115 3586 155 3631 ot.
175 3584 283 3633 Primum
291 3582 413 3647 omnib]
447 3585 584 3647 Respondet
596 3581 649 3645 jam
681 3581 739 3630 dem
748 3580 935 3641 signifiicationin
945 3595 1002 3629 curn
1009 3582 1139 3643 superiore.

88 3641 160 3695 Balbo
170 3651 242 3697 atteri
252 3650 395 3706 aecmctori,
413 3650 585 3699 euicumbona
600 3650 650 3710 ejus
714 3651 754 3697 69.
775 3646 847 3694 Onne
858 3646 917 3693 illud
929 3644 1066 3703 niomium]
1082 3648 1242 3712 Audiuuqul.

87 3712 187 3760 venitm
197 3715 442 3776 msponnmdicit.
681 3714 739 3761 dom
753 3710 909 3773 montom]
926 3716 1028 3770 mute,
1039 3727 1087 3760 non
1100 3712 1156 3773 quia
1166 3730 1242 3765 unum

115 3780 155 3826 58.
193 3778 319 3842 Unguenta
345 3778 489 3843 empserit}
519 3783 650 3841 Unguenta
666 3823 668 3832 ,
683 3781 784 3828 Coesium
797 3778 934 3833 accusabat,
949 3778 1052 3839 aedquia
1065 3777 1172 3827 univero
1188 3794 1242 3828 cor-

85 3840 168 3891 bium
192 3848 259 3902 aunt,
295 3845 380 3905 quibua
407 3845 516 3894 deliciosi
541 3846 650 3895 homines
665 3878 668 3883 -
682 3842 905 3905 mpmojuventutie
922 3856 1000 3890 morea
1017 3845 1124 3891 motione
1139 3846 1181 3890 nrt
1198 3845 1242 3892 de-

85 3907 224 3957 utebantur.
258 3910 286 3957 ld
302 3916 386 3959 autern
403 3911 518 3971 nrgnebat
533 3911 558 3959 in
575 3910 648 3961 Coelio
680 3910 809 3958 rcribebat.
843 3908 907 3957 tsine
925 3915 1007 3955 autem
1025 3908 1085 3956 nihil
1101 3908 1127 3956 in
1141 3908 1242 3956 Cetium

87 3966 182 4021 Balbine
680 3974 810 4033 efficiebat,
829 3974 885 4036 quia
905 3972 965 4021 nihil
984 3987 1067 4021 eorum
1086 3972 1112 4019 iu
1125 3985 1155 4018 eo
1171 3970 1242 4019 tuine

75 4074 78 4083 .
119 4036 154 4085 lb.
172 4036 250 4086 Baiae
265 4036 368 4099 videtin]
395 4040 461 4088 anre
482 4054 550 4102 aque
564 4041 648 4091 calidae
680 4041 805 4101 probabat.

86 4106 141 4147 arnt
157 4102 325 4165 ineampenit
335 4108 446 4155 Puteolos
460 4106 522 4155 inter
538 4106 649 4155 &Miee-
715 4108 754 4154 ⁵13.
786 4104 827 4153 De
860 4100 1016 4168 potetestate]
1049 4102 1151 4149 Budwas
1176 4101 1242 4149 huno

88 4171 360 4229 Quamprimum
371 4170 648 4234 votupntibruoorponr,
680 4172 761 4219 locum
770 4169 905 4232 explicans,
919 4170 955 4214 nit
971 4173 1097 4229 potervurn
1110 4178 1166 4211 eum
1183 4164 1241 4225 dici,

86 4233 158 4286 subm
166 4232 256 4281 morbis
262 4235 416 4296 depellendis.
680 4236 720 4296 qui
729 4236 848 4284 sibicirca
857 4234 969 4283 libidines
980 4238 1117 4291 temporam
1137 4244 1186 4279 non
1196 4244 1241 4293 po·

119 4296 158 4341 66.
171 4294 402 4349 Primribue'ladrir
421 4298 649 4367 guetmaent.]1’ro·
680 4306 736 4351 tem
