2825 4775
182 251 212 311 vi
511 246 558 309 M.
580 243 730 309 Tuum
751 242 981 309 CICERONIS

181 378 263 444 Cum
272 392 372 443 autem
382 378 519 463 princeps
529 375 701 441 Academia
710 376 877 441 Philocum
888 373 1118 439 Atheniensium
1126 375 1319 459 optimatibus

180 483 300 553 propter
308 466 421 528 bellurn
433 464 673 528 Mithridaticum
683 464 817 527 Romam
828 462 1012 549 profugisset,
1038 478 1104 525 tum
1121 464 1150 525 ei
1167 464 1196 540 se
1211 464 1318 531 Cioere
1409 473 1410 478 ’

180 555 310 632 tradidit,
325 553 490 617 admirabili
501 554 631 636 quodam
647 554 684 615 ad
693 550 915 636 Philosophiam
926 550 1023 615 studio
1031 550 1180 614 incitatur.

430 726 582 806 ANNUS
604 725 736 791 URBIS
759 724 972 790 CONDITAE
993 733 1067 790 666.

180 840 247 927 Coffi
253 844 305 905 Cn.
314 839 939 926 Onavio,L·Corneli0cinnamomum
949 846 999 903 86.
1016 841 1155 907 Ciceronis
1162 842 1228 925 vige
1246 864 1318 905 enus.
1409 923 1410 930 ἵ

221 952 404 1018 Cmeinna
411 952 588 1037 perniciosas
595 956 677 1040 leges
683 954 915 1039 pervimsenet,
930 954 1004 1018 urbe
1015 953 1034 1018 i
1045 955 1104 1018 Cu.
1118 952 1248 1019 ostano
1257 959 1319 1019 col·
1409 971 1410 982 ¹

178 1040 496 1127 legipulsus,corrupit
501 1042 667 1104 exercitum
678 1044 772 1127 Appii
781 1042 912 1118 Claudii,
922 1064 1014 1125 quem
1019 1043 1136 1106 insuam
1140 1043 1317 1127 potestatem

176 1129 301 1215 redegit.
315 1129 425 1193 Redux
437 1128 536 1192 statim
548 1150 585 1191 ex
602 1128 706 1193 Africa
722 1130 749 1200 ei
764 1130 881 1192 Marius
895 1129 925 1193 se
943 1132 1081 1216 adjunxit
1094 1152 1166 1193 cum
1179 1131 1230 1195 sex
1251 1131 1319 1195 He-

176 1216 344 1281 truscorum
359 1217 503 1281 millibus:
515 1233 604 1301 atque
613 1218 654 1281 ita
665 1218 721 1281 isio
730 1216 849 1303 agmine
858 1216 1316 1296 urbemobsrdent,&invadunt;

175 1314 267 1386 quain
278 1319 394 1389 captam
407 1304 538 1367 caedibus
552 1310 581 1367 δι
597 1304 709 1389 rapinis
722 1302 878 1369 vastavere.
923 1304 1071 1367 Oilavius
1085 1304 1199 1369 Consul
1221 1306 1317 1391 capite
1409 1341 1410 1344 ¹

175 1404 340 1455 truncatur.
363 1390 500 1467 Catulus,
516 1392 563 1452 M.
575 1392 738 1468 Antonius,
761 1393 798 1455 C.
814 1394 922 1470 Julius,
934 1393 1077 1457 Oratores
1091 1392 1317 1478 ptaellantissimi
1409 1435 1410 1480 r

175 1478 410 1542 interficiuntur:
433 1478 480 1539 M.
492 1477 618 1539 Antonii
631 1493 721 1563 caput
743 1478 775 1540 in
790 1479 825 1541 iis
840 1481 907 1563 ipsis
921 1482 1022 1544 rostris
1036 1481 1207 1566 exponitur,
1223 1480 1241 1544 d
1255 1503 1317 1565 quo

135 1598 140 1611 x
175 1578 260 1627 erant
274 1566 438 1627 multorum
453 1564 563 1627 civium
576 1565 671 1649 capita
686 1564 864 1628 conservata.
896 1567 966 1631 Hoc
982 1592 1061 1633 anno
1075 1568 1183 1633 Cicero
1198 1569 1317 1632 Moloni
1409 1591 1410 1654 l

176 1652 299 1715 Rhodio
310 1654 417 1715 Romae
430 1674 552 1735 operam
566 1653 659 1728 dedit,
672 1656 699 1715 Sc
712 1652 807 1715 actori
821 1652 938 1714 summo
948 1656 1113 1726 causarum.
1125 1661 1154 1720 Se
1166 1656 1316 1743 magistro,
1409 1699 1410 1716 r

176 1755 210 1803 ut
225 1740 266 1803 ait
277 1740 308 1802 in
323 1741 428 1803 Bruto.
452 1740 533 1803 Cirm
549 1740 598 1801 ille
613 1740 727 1803 videret
741 1739 920 1803 Ciceronem
932 1756 1036 1803 natum
1051 1744 1089 1803 ad
1101 1743 1316 1823 eloquentum,

175 1828 286 1889 mirum
302 1826 344 1889 est
361 1825 508 1911 quantum
523 1828 568 1889 vir
576 1842 676 1890 tantus
691 1829 757 1913 ejus
772 1827 867 1889 studia
882 1828 1004 1889 acuerit.
1030 1826 1118 1891 Circa
1127 1828 1184 1890 hoc
1196 1842 1316 1910 tempus
1409 1889 1410 1896 ,

175 1914 284 1978 Cicero
298 1913 468 1977 adolescens
478 1914 709 1977 commentarios
725 1914 905 1977 Rhetoricos
918 1915 956 1977 de
970 1914 1146 1977 Inventione
1160 1914 1316 1978 inchoatos
1409 1963 1410 2010 p

177 2006 206 2065 n
223 2001 316 2065 rudes
326 2002 430 2079 edidit,
452 2017 487 2065 ut
501 2003 561 2085 ipse
576 2001 662 2065 initio
677 2001 744 2064 libri
758 2008 785 2063 1.
795 2003 833 2063 de
843 2000 928 2063 Orat.
944 2000 1097 2087 significat.

425 2175 577 2240 ANNUS
599 2174 731 2241 URBIS
753 2175 967 2241 CONDITAE
988 2180 1062 2241 667.

175 2292 241 2378 Cqffi
258 2294 292 2355 C.
308 2290 411 2353 Mario
435 2291 465 2351 V
462 2291 505 2353 ΙΙ.
534 2290 574 2353 L.
599 2290 722 2355 Cornelio
740 2291 843 2366 Cinna,
864 2301 929 2350 aene
943 2288 1084 2375 Christum
1099 2294 1151 2353 85.
1175 2290 1315 2357 Ciceronis

604 2403 748 2490 vigeſsmur
758 2407 880 2488 primur.

217 2490 655 2556 RomaeCinnanmanusfine
665 2491 796 2555 comitiis
805 2491 1189 2574 semetipsoainsequentem
1198 2513 1313 2554 annum
1348 2477 1353 2482 ⁸

173 2577 318 2642 Consules
327 2580 525 2666 designarunt.
541 2579 658 2642 Marius
667 2579 733 2664 poll
742 2581 838 2642 multa
847 2580 1008 2646 crudeliter
1016 2579 1083 2642 asia
1093 2579 1251 2641 incivitate
1259 2581 1313 2641 de-

172 2665 612 2730 cimosextosuiconsulatirsdie
621 2683 758 2730 mortuus
767 2667 820 2730 est.
832 2667 931 2731 Cinna
938 2667 1096 2729 Valerium
1108 2666 1159 2729 libi
1165 2667 1312 2752 collegam

173 2753 332 2828 substituit,
348 2777 439 2836 quem
451 2755 573 2816 mihtin
590 2755 703 2830 Asiam,
719 2770 753 2817 ut
761 2775 815 2839 pro
830 2753 910 2840 Sylla
917 2756 981 2841 jam
990 2754 1074 2818 hoste
1086 2755 1234 2816 declarato
1242 2775 1312 2836 pro-
1409 2816 1410 2827 ,

171 2840 278 2904 vinciae
293 2843 435 2924 praeesset,
458 2865 491 2904 ac
506 2841 620 2903 bellum
635 2857 739 2904 contra
753 2841 962 2905 Mithridatem
976 2856 1102 2927 gereret.
1146 2841 1265 2904 Verum
1283 2841 1311 2903 ei
1409 2842 1410 2869 ³

170 2929 269 2992 clausa
283 2927 325 2991 est
341 2927 421 3005 Afia,
440 2932 468 2992 Sc
486 2927 502 2992 i
517 2929 647 2992 Fimbria
655 2928 709 2990 suo
717 2931 815 3014 legato
824 2951 903 2992 anno
912 2928 1057 3013 sequente
1068 2923 1245 2991 interseslus
1256 2928 1309 2990 est.

423 3103 575 3170 ANNUS
598 3101 729 3167 URBIS
751 3101 964 3174 CONDITAE
985 3109 1058 3166 668.

216 3216 282 3302 Ceff
295 3217 335 3279 L.
349 3218 472 3283 Cornelio
483 3220 586 3296 Cinna,
610 3223 664 3285 Cn.
688 3219 806 3302 Papiria
820 3221 952 3299 Carbone,
973 3236 1039 3284 ante
1058 3221 1197 3309 Christum
1213 3229 1264 3285 84.

516 3337 652 3400 Ciceronis
666 3336 959 3422 vigeſsmnrsecnndne.

214 3443 295 3507 Ciam
310 3445 409 3509 Cinna
418 3448 527 3510 Rornae
543 3447 694 3513 summum
703 3449 825 3512 haberet
833 3449 1005 3533 imperium,
1015 3451 1046 3514 se
1055 3449 1180 3514 tertium
1191 3451 1310 3514 Consu·

170 3532 230 3593 lem
242 3533 361 3609 creavit,
377 3535 523 3619 assumpto
535 3535 586 3597 fibi
600 3535 856 3621 collegiCarbone
867 3538 1058 3620 proValerio,
1074 3540 1126 3622 qui
1135 3538 1307 3602 occisusest.

171 3618 300 3682 Fimbria
312 3621 508 3685 crudelilsrme
522 3623 613 3685 saeviit
623 3623 654 3685 in
667 3623 990 3702 manumittentes,
1009 3627 1061 3708 qui
1072 3628 1109 3689 ad
1118 3625 1309 3710 Syllamcon-

170 3969 239 4033 finis
250 3972 415 4055 impofitus,
437 3975 468 4037 in
478 3997 539 4057 quo
551 3979 566 4035 i
577 3973 657 4060 Sylla
668 3987 791 4037 centum
806 3973 873 4037 sexa
894 3975 955 4037 ‘nta
969 3974 1100 4038 hostium
1108 3975 1201 4038 millia
1215 3975 1307 4039 inter·

169 4057 251 4122 festa
262 4058 342 4122 sunt:
352 4060 487 4126 intrahac
497 4085 581 4148 pace,
596 4077 698 4124 contra
707 3997 902 4125 Fimbriam}1

68 3751 73 3760 .
169 3707 321 3792 fugerant:
344 3731 413 3771 nam
428 3733 534 3774 eorum
545 3710 651 3772 urbem
666 3711 797 3774 caedibus
806 3713 941 3796 replevit.
985 3713 1076 3798 Sylla,
1099 3712 1308 3778 deficientibus
1409 3752 1410 3793 1

169 3795 259 3858 rebus
273 3795 413 3860 omnibus
428 3800 464 3861 ad
476 3799 600 3874 bellum,
622 3797 715 3862 hostis
730 3801 866 3884 apopulo
875 3800 1016 3862 Romano
1027 3800 1190 3886 judicatus,
1200 3823 1308 3884 pacem

169 3903 240 3944 cum
256 3882 431 3950 Mithridate
440 3887 538 3949 facere
550 3885 672 3949 condius
686 3885 742 3948 est:
757 3901 846 3969 atque
857 3887 897 3949 ita
905 3887 1003 3970 primo
1010 3889 1089 3950 bello
1100 3886 1308 3952 Mithridatico
1409 3910 1410 3961 l

896 4061 1173 4148 yllaproseOusest,
1188 4063 1240 4146 qui
1252 4064 1308 4127 de-
1409 4104 1410 4151 r

169 4145 1307 4239 sertusasuismilitibussrbimetviolentasmanueintemploAEsculapiiintulit.
1409 4166 1410 4175 ¹
