2825 4775
243 263 292 333 IN
314 265 362 332 M.
392 260 637 330 ANTONIUM
662 255 907 327 PHILIPPICA
932 257 988 324 IX.
1132 259 1201 324 ast

48 415 106 464 nec
120 394 298 464 Veientium
313 422 366 464 rex
380 420 445 476 eos,
470 418 546 482 quos
561 393 654 459 modb
669 384 834 470 nominari,
852 399 944 477 qulm
958 391 1023 455 Ser.
1052 391 1156 477 Sulpi-

43 489 253 553 ciumoccldit
268 489 431 552 Antonius.
457 485 486 548 Is
495 481 576 548 enim·
591 483 731 568 prosestd
740 497 869 545 mortem
881 481 991 557 attulit,
1019 481 1072 565 qui
1083 503 1157 544 cau·

44 574 76 636 sa
91 577 197 639 mortis
211 577 280 640 fuit.
312 575 463 663 Quocirca
477 575 516 636 ad
537 571 717 657 posteritatis
742 572 834 634 etiam
860 570 1037 632 memoriam
1060 570 1199 653 perti-45

41 683 117 724 nere
128 664 266 740 arbitror,
295 678 407 737 extare,
437 662 520 742 quod
530 659 624 723 suerit
634 659 672 720 de
681 659 742 721 hoc
751 659 830 725 bello
842 656 987 718 'udicium
998 655 1151 736 Senatds3

43 749 104 811 erit
118 752 199 813 enim
211 751 306 814 statua
317 751 378 834 ipsa
391 749 485 826 testis,
513 747 629 811 bellum
643 760 706 809 tam
722 765 810 830 grave
826 679 922 818 suisse,
952 757 986 804 ut
1001 743 1090 828 legati
1105 747 1152 808 in-

40 837 292 902 teritus-honoris
306 838 483 901 memoriam
509 835 689 900 consecutus
705 833 749 894 sit.
781 829 876 916 Quod
892 830 912 891 sr
928 829 1154 895 excusationem

38 913 110 986 Ser.
125 918 262 1010 Sulpicii,
284 926 320 990 P.
336 925 374 988 C.
390 923 547 1010 legationis
561 921 710 984 obeundae
727 916 876 982 recordari
890 918 1054 994 volueritis,
1070 921 1152 982 nulla
1258 933 1259 936 ’

36 1010 192 1076 dubitatio
205 1014 404 1098 relinquetur,
431 1011 507 1093 quin
520 1010 636 1072 honore
650 1005 776 1083 mortui,
809 1026 900 1090 quam
919 1005 986 1067 viro
1002 1003 1143 1090 injuriam
1154 1015 1198 1073 50

34 1097 181 1176 fecimus,
206 1101 360 1164 sarcimus.
386 1097 455 1160 Vos
470 1097 551 1160 enim
559 1095 596 1158 P.
620 1093 658 1159 C.
684 1092 884 1180 (gravedislu
899 1092 953 1168 est,
982 1092 1034 1155 sed
1047 1095 1153 1174 ¹dicen-

33 1187 115 1248 dum
131 1193 256 1271 tamen(
273 1209 338 1262 vos,
369 1187 513 1268 inquam,
533 1183 599 1247 Ser.
615 1182 787 1266 Sulpicium
801 1180 862 1244 titt
876 1179 1021 1264 privistis.
1046 1181 1153 1266 Quem

33 1279 113 1336 ciam
126 1276 268 1338 rideretis
279 1295 312 1337 re
327 1272 423 1356 magis
438 1271 590 1346 morbum,
602 1279 696 1353 quam
711 1270 846 1332 oratione
861 1265 1074 1345 excusantem,
1088 1291 1152 1333 non

31 1381 93 1424 vos
106 1364 229 1446 quidem
245 1357 498 1424 crudetestutstis
524 1357 619 1444 (quid
630 1358 714 1421 enim
739 1357 841 1420 minus
862 1355 894 1418 in
913 1356 1149 1422 hunc'ordinem

31 1450 184 1512 convenit
198 1448 211 1512 l
225 1448 299 1533 )sed
313 1467 385 1510 cum
395 1444 551 1530 speraretis
566 1445 641 1508 nibil
655 1445 724 1521 else,
747 1445 833 1529 ‘quod
844 1447 907 1508 no'n
921 1443 1001 1506 illins
1017 1445 1192 1510 auctorit-55

26 1551 98 1598 tate
116 1540 146 1598 8ι
159 1535 301 1618 sapientis
314 1533 393 1596 effici
407 1531 511 1616 posset,
540 1531 750 1597 vehementius
775 1531 959 1612 'excusationi
973 1531 1138 1612 obstitistis;

25 1637 131 1705 atque
150 1644 233 1698 eum,
255 1622 309 1706 qni
333 1621 453 1703 semper
474 1621 607 1684 vestrum
622 1619 801 1684 consensum
815 1607 1018 1705 gravissimum
1030 1621 1149 1704 judica-

25 1711 131 1785 visset,
147 1714 163 1760 b
178 1711 217 1773 dc
232 1709 377 1774 sententis
404 1708 563 1793 dejecistis.
593 1709 648 1772 Ut
670 1714 743 1773 verb
757 1707 861 1772 Pansae
876 1705 1016 1770 Consulis
1031 1709 1150 1775 accedit

25 1798 205 1860 cohortatio
220 1798 348 1882 gratior,
360 1817 452 1879 quam
463 1810 551 1861 aures
564 1795 631 1862 Ser.
642 1795 769 1879 Sulpicii
781 1792 861 1859 serre
873 1793 1050 1872 didicissent,
1078 1810 1146 1867 tum

24 1907 110 1947 vero
118 1885 250 1969 denique
260 1884 369 1960 filium,
385 1899 523 1967 mequec
540 1884 669 1960 seduxit,
678 1897 769 1967 atque
779 1883 820 1945 ita
831 1885 951 1948 locutus
960 1881 1014 1959 est,
1026 1895 1061 1946 ut
1070 1889 1192 1951 auc-60

24 1974 187 2035 toritatem
202 1971 330 2035 relimm
344 1972 413 2034 vitae
428 1972 487 2034 suae
498 1970 528 2033 se
542 1973 656 2036 diceret
666 1970 838 2048 anteferre}
871 1973 959 2058 cujus
982 1991 1038 2035 nos
1052 1972 1147 2038 virtu·
1200 2049 1204 2058 ³

24 2075 96 2124 tem
111 2060 262 2135 admirati,
281 2081 344 2123 non
355 2057 416 2122 aufi
432 2058 537 2122 sumus
551 2059 698 2124 adversari
709 2059 875 2122 voluntati:
899 2059 1076 2122 movebatur
1088 2062 1146 2125 sm-

24 2148 132 2233 gulari
146 2149 258 2232 pietate
273 2145 371 2211 filius:
400 2166 464 2210 non
475 2147 608 2210 multum
630 2146 696 2232 ejus
719 2146 937 2230 perturbationi
958 2167 1044 2208 meus
1059 2149 1147 2227 dolor

24 2234 242 2300 concedebat:
267 2232 317 2297 sed
333 2249 462 2316 uterque
476 2232 614 2296 nostrirm
628 2235 737 2296 cedere
761 2233 926 2318 cogebatur
944 2233 1145 2316 magnitudini

23 2321 140 2398 animi,
154 2321 358 2407 orationisque
372 2322 531 2407 gravitati3
556 2327 626 2384 cbm
641 2322 767 2405 quidem
777 2320 828 2382 ille
851 2323 981 2384 maxima
995 2321 1084 2384 laude
1104 2327 1134 2387 ὅτ
1145 2327 1187 2387 65

23 2410 238 2497 gratulatione
246 2408 522 2474 omniumvestrrlm
533 2410 685 2493 pollicitus
694 2410 748 2485 est,
760 2408 790 2471 se
801 2410 884 2491 quod
893 2409 1007 2473 velletis
1016 2410 1073 2471 esse
1080 2410 1145 2474 t'ac·

24 2519 148 2573 urum,
170 2520 273 2582 neque
287 2497 516 2584 ejussententi'ae
524 2498 698 2581 periculum
705 2497 882 2573 vitaturum,
898 2500 985 2583 cujus
996 2496 1059 2579 ipse
1071 2518 1144 2561 auc-

25 2608 72 2649 or
90 2586 214 2649 fuiffet:
229 2606 336 2669 ‘quem
358 2585 468 2670 exequi
483 2586 624 2647 mandata
636 2584 734 2647 vestra
748 2596 960 2669 properantem
975 2588 1064 2647 mand
1086 2608 1142 2669 po-

23 2673 140 2736 stridie
154 2673 304 2757 prosecuti
318 2672 442 2749 sumus,
460 2671 514 2756 qui
529 2672 653 2755 quidem
667 2670 823 2735 discedens
834 2692 956 2735 mecum
970 2672 1011 2734 ita
1022 2672 1142 2737 locutus

23 2762 87 2837 est,
107 2774 144 2822 ut
154 2762 220 2845 ejus
235 2761 330 2849 oratio
338 2765 456 2825 omend
471 2759 527 2822 sati
541 2760 701 2823 videretur.
748 2758 881 2822 Reddite
896 2760 997 2847 igitur,
1013 2758 1048 2823 P.
1063 2757 1100 2823 C.
1110 2761 1187 2841 eiflo

23 2850 147 2923 citam,
166 2848 216 2911 cui
230 2848 403 2925 ademistis;
425 2846 486 2911 vita
500 2847 582 2910 enim
596 2853 787 2910 mortuorum
802 2846 833 2907 in
848 2848 992 2910 memorii
1006 2848 1144 2913 vlvorum
1229 2896 1233 2912 .

23 2937 71 3000 est
89 2934 200 3017 polita:
221 2934 357 3019 perficite
371 2950 407 2998 ut
421 2937 457 3011 is,
472 2954 564 3018 quem
578 2954 631 2998 voc
645 2933 729 2999 inscii
744 2935 781 2998 ad
796 2948 926 2999 mortem
940 2934 1069 3012 misistis,
1083 2936 1142 2999 im-

23 3022 251 3087 mortalitatem
264 3022 374 3085 babeat
386 3027 403 3084 a
415 3022 514 3097 robis3
537 3022 588 3085 cui
599 3022 726 3087 statuam
738 3020 770 3083 in
782 3020 899 3086 Rostris
911 3024 1032 3087 decreto
1042 3022 1141 3088 restro

23 3109 206 3185 tacueritis,
244 3112 327 3174 nulla
337 3112 405 3197 ejus
415 3112 599 3194 legationem
620 3108 799 3193 posteritatis
816 3110 991 3175 ¹obscurabit
1016 3110 1138 3175 oblivio.

23 3200 116 3263 Iam
130 3198 246 3281 reliqua
253 3198 320 3262 Ser.
334 3197 464 3282 Sulpicii
474 3198 534 3260 vita
548 3196 652 3260 multis
668 3200 725 3262 erit
735 3196 948 3282 praeclatisque.
958 3198 1182 3262 monumen-75

23 3291 61 3351 is
103 3285 144 3347 ad
156 3306 286 3348 omnem
300 3286 477 3349 memoriam
492 3286 722 3361 commendata;
749 3285 865 3369 semper
873 3285 953 3349 illius
961 3288 1139 3371 gravitatem

24 3371 243 3449 onstantiam,
258 3372 364 3450 sidem,
389 3372 581 3459 praestantem
602 3373 634 3435 in
644 3372 798 3459 republica
808 3370 921 3437 tuendal
930 3394 1034 3436 curam
1045 3387 1137 3457 atque

26 3460 389 3537 rudentiam,omnIum
413 3460 589 3524 mortalium
609 3458 691 3525 sama
704 3459 875 3525 celebrabit.
904 3458 973 3523 Nec
987 3482 1058 3525 vero
1074 3460 1139 3525 file-

25 3553 117 3613 itur
132 3548 316 3613 admirabilis
331 3550 472 3633 quaedam
488 3552 518 3613 &
534 3548 728 3624 incredibilis,
758 3570 792 3611 ac
806 3544 885 3633 peni
904 3547 1005 3611 divina
1028 3551 1093 3635 ejus
1105 3549 1137 3613 in

23 3635 154 3725 egibus
168 3636 410 3720 interpretandis,
434 3637 579 3719 aequitate
599 3636 786 3721 explicanda,
801 3634 932 3698 scientia.
959 3634 1077 3702 Omnes
1091 3646 1181 3703 e180

23 3724 117 3790 mni
133 3733 232 3800 aetate,
261 3725 316 3807 qui
331 3724 363 3786 in
377 3722 433 3787 hac
448 3724 569 3797 civitate
582 3722 812 3809 intelligentiam
820 3724 897 3808 juris
907 3722 1087 3803 habuerunt,
1114 3727 1135 3790 li

23 3832 130 3879 num
145 3809 294 3873 inlocum
322 3812 527 3890 conferantur,
556 3804 627 3875 cum
641 3810 707 3876 Ser.
736 3810 872 3895 Sulpicio
886 3833 949 3874 non
969 3811 1037 3877 sunt
1051 3836 1136 3877 com-

23 3897 168 3965 arandi.
181 3898 294 3981 Neque
301 3898 384 3961 enim
394 3899 445 3962 ille
456 3900 552 3987 magis
563 3898 580 3964 J
582 3899 644 3965 uris
651 3899 817 3977 consultus,
827 3920 918 3984 quam
928 3898 945 3963 J
947 3898 1132 3967 ustitia-fuit.

176 4072 324 4161 bcegssis
332 4086 441 4143 mrdare
441 4073 619 4159 sementiam.
662 4074 837 4160 esenocotslt.
882 4078 1020 4141 dnarris.
1049 4050 1053 4071 ι’
1090 4126 1095 4133 .

30 4254 100 4306 33.
125 4247 284 4306 nagream}
303 4252 426 4311 consultus,
445 4256 588 4314 quanjnstr'·
621 4254 808 4315 equitataque
818 4254 1179 4312 consenesperpetuarolun-

23 4317 81 4377 n]
103 4317 149 4364 tur
159 4316 251 4377 logion
258 4318 409 4379 continetur,
420 4317 515 4379 justitia
532 4332 598 4443 νεπὲ
613 4325 659 4440 ἐκ
668 4325 704 4365 est
711 4318 797 4376 cuique
802 4318 841 4379 jus
850 4331 918 4365 suurn
929 4316 1056 4367 tribueudi.

354 4526 363 4559 i
