2825 4775
465 266 470 277 '
548 268 607 338 DE
629 266 843 339 AMICITIA.
1090 276 1096 286 “
1205 257 1267 342 aaa

129 404 303 483 tumme,
319 400 544 553 aaqttalibuspue
564 406 669 469 amicis
694 407 874 487 derelidlum
895 400 1080 470 videbamus.
1127 407 1171 468 At
1186 406 1223 469 C.

126 492 242 558 lllofiua
263 494 431 568 Cumanae,
449 488 490 554 lro
502 512 555 576 pes
573 492 696 558 familiae
721 494 836 572 vestrae,
859 493 1003 569 Scaevola,
1018 500 1087 557 clun
1102 496 1139 556 ad
1163 516 1225 571 me,

125 580 180 665 qul
192 581 316 643 aderam
329 580 445 643 Laenati
466 584 496 644 δι
523 580 651 664 Rupilio
665 581 847 645 Consulibus
867 582 899 643 ln
925 582 1056 656 consilio,
1083 583 1224 665 depreca-

124 680 193 729 tum
210 668 344 744 renidet,
362 668 451 743 hanc,
470 682 505 729 ut
525 668 577 729 libi
596 668 792 751 ignoscerem,
814 668 933 731 causam
957 669 1110 743 afferebat,
1137 668 1222 752 qubd

125 756 204 817 tanti
229 755 301 818 'lib-
331 754 506 819 Gracchum
529 754 653 829 seciffet,
674 768 719 831 ut,
742 756 891 839 quidquid
905 756 954 817 ille
964 756 1065 830 vellet,
1082 756 1133 817 sibi
1152 757 1268 819 faci-10
1391 760 1392 797 l

126 838 241 905 endum
266 857 394 926 putatet.
437 842 523 903 Tum
547 862 615 925 ego,
644 840 830 917 Etiamne,s1
857 844 928 905 tein
942 842 1128 925 Capitolium
1144 844 1226 908 saces

125 930 205 993 serre
229 929 335 993 vellet?
372 930 552 1010 Nunquam,
578 928 688 1011 inquit,
717 930 857 991 voluisset
880 930 911 991 id
936 930 1069 1011 quidem.
1114 931 1174 992 Sed
1205 932 1225 991 sr

124 1016 278 1081 voluisset?
303 1017 478 1078 Paruilsem.
522 1014 644 1077 Videtis
668 1036 761 1097 quam
781 1014 894 1079 nefaria
919 1037 992 1092 vox,
1012 1020 1041 1078 &
1068 1018 1169 1079 hercle
1185 1016 1226 1078 ita

125 1102 211 1180 secit,
227 1103 276 1167 uel
290 1105 359 1186 plus
373 1104 465 1165 etiam
481 1123 573 1184 quam
584 1103 675 1179 dixit,
687 1124 750 1165 non
764 1104 845 1165 enim
861 1104 961 1187 paruit
972 1105 1022 1166 ille
1036 1103 1108 1167 Tib.
1129 1104 1227 1165 Grac-

124 1190 175 1253 chi
189 1190 362 1265 temeritati,
376 1188 428 1251 sed
435 1188 570 1273 praefuit:
584 1208 641 1253 nec
656 1189 687 1252 se
700 1191 844 1253 comitem
858 1190 938 1253 illius
953 1190 1074 1266 suroris,
1100 1190 1151 1252 sed
1169 1191 1268 1253 dri-15

124 1297 193 1341 cem
207 1276 346 1360 prebuit.
389 1276 497 1361 Itaque
519 1276 575 1339 hac
601 1278 742 1354 amentia,
768 1276 931 1359 quaestione
947 1278 1223 1361 nortperterritua,

125 1364 159 1425 in
185 1364 288 1426 Adam
311 1363 458 1449 profugit,
476 1364 514 1425 ad
525 1364 624 1427 hoster
638 1363 669 1427 se
680 1365 819 1440 contulit,
831 1386 937 1449 poenas
952 1366 1026 1447 reip.
1043 1378 1147 1449 'graves
1159 1365 1223 1449 jus-

126 1449 232 1534 tasque
243 1450 395 1534 persolvit.
439 1450 535 1513 Nulla
545 1451 587 1513 ell
597 1452 689 1535 igitur
703 1452 854 1515 excusatio
863 1454 989 1535 peccati,
1002 1452 1120 1514 sramici
1135 1452 1226 1515 causi

125 1539 311 1621 peccaverim
342 1559 413 1601 nam
431 1544 500 1601 cum
522 1539 709 1603 conciliatrix
727 1540 866 1602 amicitiae
885 1542 1002 1601 virtutis
1012 1540 1115 1623 opinio
1123 1539 1226 1614 suerit,

126 1624 248 1687 difficile
274 1625 317 1687 est
339 1625 502 1687 amicitiam
528 1646 660 1701 manere,
686 1627 707 1687 st
733 1626 873 1689 avirtute
885 1626 1040 1689 defeceris.
1086 1627 1180 1711 Qubd
1196 1627 1264 1687 fi‘20

125 1712 247 1775 redium
277 1711 480 1789 statuerimus,
502 1714 550 1775 vel
575 1714 741 1777 concedere
764 1714 868 1775 amieis
897 1714 1045 1797 quidquid
1060 1716 1164 1789 velint,
1178 1714 1227 1776 vel

125 1798 287 1883 impetrare
297 1799 335 1861 ab
353 1800 390 1861 iia
410 1799 558 1883 quidquid
580 1800 719 1875 velimus,
738 1798 874 1884 persedit
888 1802 1012 1883 quidem
1026 1800 1167 1883 sapientia
1179 1799 1227 1862 su-

108 1904 208 1963 mus,
235 1885 351 1949 srnilril
374 1886 482 1949 habeat
507 1908 554 1949 res
568 1886 710 1951 vitiizsed
729 1887 883 1971 loquimur
906 1888 944 1949 de
974 1890 1009 1951 iis
1029 1888 1146 1963 amicis,
1170 1888 1224 1971 qui

126 1985 196 2035 ante
221 1976 327 2037 oculor
351 1974 431 2050 sunt,
455 1995 533 2058 quos
547 1974 696 2051 videmus,
707 1989 759 2037 aut
770 1976 809 2038 de
820 1974 930 2058 quibus
945 1976 1122 2037 memoriam
1142 1996 1227 2039 acce·
1307 1990 1313 2000 “

125 2060 238 2145 pimus,
262 2076 315 2124 aut
340 2078 417 2145 quoe
439 2064 524 2124 novit
552 2061 612 2123 vita
637 2062 824 2137 communis;
854 2083 892 2123 ex
914 2062 972 2124 hoc
996 2082 1124 2123 numero
1135 2062 1268 2125 nobiassd

125 2150 265 2232 exempla
290 2148 435 2210 sumenda
464 2148 543 2222 sunt,
569 2152 598 2211 u
612 2170 722 2211 eorum
748 2149 872 2231 quidem
882 2150 1023 2223 maxime,
1034 2150 1086 2230 qui
1101 2149 1140 2209 ad
1149 2147 1227 2232 sapi·

125 2236 240 2297 entiam
255 2236 392 2318 proxime
416 2236 574 2297 accedunt.
619 2235 772 2297 Videmus
786 2234 904 2319 Papum
920 2233 1084 2297 AEmilium
1096 2235 1133 2297 C.
1149 2234 1227 2297 Lus-

124 2324 197 2385 cino
221 2321 402 2385 familiarem
424 2322 510 2385 suiffe
537 2323 589 2406 (fic
612 2322 779 2408 apartibus
802 2322 987 2407 accepimus)
1002 2322 1048 2383 bis
1070 2333 1130 2384 una
1143 2322 1227 2385 Con-

125 2409 217 2486 sules,
245 2414 275 2473 &
305 2411 435 2495 collegas
450 2409 481 2472 in
510 2410 645 2473 censura:
669 2414 778 2496 tum&
803 2431 874 2472 curn
890 2411 926 2471 iis
944 2413 975 2490 Ιδι
993 2409 1072 2472 inter
1097 2408 1127 2471 se
1154 2432 1227 2472 con-

119 2497 326 2584 junuiffimoa
348 2498 445 2573 fuisse,
470 2496 519 2559 M.
545 2497 685 2574 Curium,
717 2501 747 2560 bt
762 2495 802 2558 T.
816 2497 1053 2572 Coruncanium,
1069 2499 1269 2561 memoriaeSO

122 2586 281 2668 proditum
306 2583 364 2660 esta
395 2585 488 2669 igitur
516 2605 555 2646 ne
566 2577 706 2668 suspicari
722 2583 846 2666 quidem
861 2585 1024 2668 possumus,
1041 2605 1227 2666 quemquam

121 2672 237 2734 horum
248 2671 286 2734 ab
297 2672 394 2734 amico
410 2672 565 2756 quippiam
580 2671 775 2748 contendisse,
790 2673 872 2754 quod
888 2687 991 2733 contra
1000 2670 1105 2745 fidem,
1121 2687 1227 2734 contra

117 2759 348 2846 jusjurandum,
360 2775 465 2821 contra
475 2776 572 2842 remp.
587 2759 673 2835 esset,
690 2759 833 2821 namhoc
849 2759 973 2842 quidem
985 2757 1017 2820 in
1032 2759 1141 2820 talibus
1151 2759 1224 2821 viria

123 2845 202 2930 quid
213 2846 322 2910 attinet
336 2845 455 2908 dicere?
471 2847 709 2922 licontendilset,
724 2845 785 2908 scio
800 2845 1029 2930 impetraturum
1045 2867 1106 2908 non
1121 2844 1222 2922 suisse3

122 2952 199 2996 cum
227 2929 271 2996 illi
295 2929 467 2997 sanfflllimi
490 2933 546 2995 viri
570 2933 698 3008 suerint,
723 2953 809 3016 aeque
830 2947 932 2995 autern
944 2931 1032 2994 nesae
1044 2933 1088 3007 It,
1098 2935 1158 2995 tale
1173 2934 1270 2996 ali-85

121 3021 202 3104 quid
233 3024 263 3085 δι
285 3017 385 3084 facete
399 3033 551 3108 togatum,
572 3025 601 3084 u
617 3038 731 3105 rogare.
760 3024 804 3082 At
817 3020 893 3082 verb
903 3018 974 3081 Tib.
992 3019 1167 3083 Gracchum
1182 3019 1228 3082 se·

121 3109 298 3190 quebantur
318 3104 356 3170 C.
386 3107 496 3184 Carbo,
520 3107 558 3172 C.
583 3108 671 3185 Cato,
700 3111 729 3171 δι
751 3105 895 3169 minimus
911 3121 977 3169 tum
988 3106 1112 3188 quidem
1133 3105 1227 3170 Caius

120 3194 231 3270 frater,
241 3209 323 3256 nuno
334 3192 415 3257 idem
427 3196 599 3258 acerrimus.

171 3275 243 3342 IIII.
269 3281 347 3344 Haec
367 3280 458 3366 igitur
481 3284 529 3345 lex
541 3284 573 3344 in
594 3279 727 3344 amicitiai
754 3282 911 3356 sanciatur,
924 3295 958 3344 ut
973 3301 1071 3364 neque
1087 3301 1227 3366 rogemus
1253 3289 1266 3344 l

118 3388 175 3432 rea
200 3382 315 3454 turpet,
337 3390 394 3432 nec
416 3369 563 3431 saciantur
588 3369 699 3454 rogati;
729 3371 825 3454 turpia
849 3371 930 3432 enirn
954 3367 1105 3432 excusatio
1125 3367 1178 3443 est,
1197 3372 1227 3432 dt

117 3454 253 3520 mirrime
274 3455 459 3540 accipienda,
483 3463 552 3520 cum
572 3455 603 3517 in
632 3457 748 3519 caeteris
762 3457 904 3540 peccatis,
923 3461 990 3519 Idm
1006 3456 1025 3516 sr
1042 3455 1109 3538 quis
1124 3469 1229 3519 contra

118 3563 223 3626 remp.
268 3543 297 3606 se
321 3545 412 3606 amici
427 3550 516 3606 causa
531 3542 632 3605 secisse
646 3542 785 3605 fateatur.
830 3543 950 3607 Etenim
967 3565 1004 3605 eo
1022 3543 1100 3618 loco,
1120 3544 1229 3620 Fanni,

120 3634 160 3694 δι
180 3627 326 3707 Scaevola,
350 3631 442 3694 locati
470 3629 586 3707 samua,
611 3643 647 3693 ut
671 3651 727 3692 noe
742 3631 830 3714 longe
845 3629 1012 3715 prospicere
1027 3644 1163 3714 oporteat
1177 3631 1227 3691 su·
1250 3635 1273 3692 5

117 3733 213 3780 turoo
237 3715 322 3780 casua
346 3718 421 3802 reip.
445 3717 567 3781 deflexit
592 3718 674 3780 enlm
686 3717 753 3803 jam
769 3718 985 3801 aliquantulum
1001 3717 1038 3780 de
1054 3718 1147 3802 spatio
1162 3736 1230 3778 cur-

116 3804 285 3889 riculoque
315 3805 502 3868 consuetudo
535 3807 696 3891 majorum.
739 3804 811 3867 Tib.
829 3803 1230 3890 Gracchuaregnumoccu-

116 3911 200 3979 pare
225 3904 351 3954 conatus
381 3892 435 3967 est,
449 3894 497 3954 vel
516 3893 692 3978 regnavitia
713 3891 836 3974 quidem
848 3903 959 3975 paucos
971 3891 1096 3956 menses.
1141 3887 1229 3950 Num

116 3978 204 4064 quid
215 3978 310 4040 simile
323 3998 395 4062 pop.
413 3979 455 4040 R.
470 3981 617 4054 andierat,
632 3994 684 4041 aut
698 3979 832 4042 viderat?
859 3980 953 4042 Hunc
966 3981 1055 4042 etiam
1071 3973 1136 4058 post
1149 3995 1230 4038 mor-

116 4084 191 4132 tem
217 4065 312 4128 secuti
340 4066 430 4127 amici
456 4069 486 4128 e
511 4065 685 4149 propinqui,
715 4067 788 4148 quid
805 4067 835 4128 in
846 4065 882 4130 P.
897 4066 1036 4128 Nasicam
1051 4063 1272 4145 Scipionemlo

115 4153 296 4226 effecerint,
322 4151 382 4214 fine
404 4153 543 4238 lacrymis
566 4175 629 4216 non
658 4174 738 4236 queo
760 4153 956 4229 dicere3nam
971 4148 1143 4213 Carbonem
1153 4171 1230 4232 quo-

114 4261 192 4324 quo
206 4240 299 4302 modo
313 4239 480 4324 potuimus,
495 4254 616 4324 propter
630 4255 783 4303 recentem
798 4261 921 4324 poenam
935 4239 1006 4300 Tib.
1023 4236 1166 4313 Gracchi,
1182 4237 1230 4298 su-

116 4326 300 4393 stinuimus.
321 4327 374 4392 De
384 4327 421 4391 C.
439 4327 876 4479 Gmcebiautenblgibunatu,
893 4327 973 4409 quod
985 4325 1156 4409 expectem,
1168 4345 1230 4387 non
