2825 4775
354 259 530 325 ORATIO
552 259 600 324 IN
621 261 659 324 L.
682 257 945 324 CATILINAM.
1209 265 1256 326 oi-

100 395 297 480 muopaub
306 396 537 459 antelucemme
548 393 580 456 in
589 413 660 457 meo
668 393 783 457 lellulo
793 391 1010 455 interfecturos
1031 389 1212 474 polliceren-

99 500 161 546 tur.
205 483 286 545 Hac
297 503 355 567 ego
374 482 489 558 omnia,
501 483 553 543 uix
568 483 643 544 dum
658 483 758 548 etiam,
774 497 858 544 coetu
872 479 970 541 cellro
984 477 1111 554 dimillo,
1127 500 1215 542 com·

99 571 185 655 peri:
206 570 338 633 domum
362 589 463 632 meam
477 567 643 654 majoribus
658 569 801 654 praesidiis
824 567 951 642 munivi,
966 585 1057 650 atque
1075 565 1211 640 firmai·i;

98 656 213 721 exoluti
243 671 470 741 conquestu
483 677 574 718 mane
588 657 627 719 ad
654 677 705 719 me
725 655 884 718 salutatum
911 653 1043 728 miserae,
1066 675 1137 718 cum
1165 655 1254 718 illi65
1333 643 1356 684 ⁴

99 745 155 830 ipsa
178 745 338 821 veniliam,
372 765 449 827 quoa
474 765 532 829 ego
554 745 620 828 jam
641 743 746 806 multis
769 743 841 806 viria
866 743 905 804 ad
929 761 979 804 me
1008 755 1152 804 venturos
1181 742 1213 804 id

97 833 250 918 temporis
260 832 318 894 effe
328 833 536 916 praedixeram.
560 832 642 916 Qua
655 853 729 895 curn
744 831 785 893 ita
800 831 866 904 lint,
888 829 1029 904 Catilina,
1045 851 1136 914 perge
1147 829 1211 912 quo
1240 803 1281 883 ff

100 919 245 1005 coepilli:
267 921 411 1004 egredere
425 919 588 1003 aliquando
603 941 640 981 ex
656 919 752 981 urbe:
775 931 879 1002 patent
893 931 999 999 portae,
1013 916 1212 1000 proficiscere:

101 1007 236 1072 nimium
252 1007 306 1070 diu
327 1022 359 1070 te
374 1008 587 1093 Imperatorem
597 1006 650 1069 illa
672 1021 725 1067 tua
739 1005 896 1067 Manliana
910 1003 1004 1077 castra
1023 1005 1212 1080 defideranta

100 1095 304 1159 eductecum
318 1095 410 1157 etiam
425 1115 532 1157 omnee
554 1107 643 1169 tuoe3
667 1093 688 1154 li
703 1091 818 1166 atinus,
840 1091 1099 1174 quamplurimos:
1115 1099 1257 1177 purgalo

101 1183 235 1246 urbem:
249 1203 363 1266 magno
381 1203 432 1244 me
446 1196 531 1244 metu
546 1180 696 1255 liberabis,
719 1180 887 1242 dummodo
912 1179 1054 1241 interme
1077 1192 1169 1260 atque
1184 1197 1213 1242 te

100 1291 212 1333 mutua
222 1269 356 1332 interiit:
378 1269 537 1333 nobiscum
550 1267 658 1330 versari
677 1268 742 1353 jam
757 1267 871 1329 diutius
886 1287 948 1328 non
963 1281 1049 1350 potes
1067 1287 1153 1329 :non
1167 1265 1213 1327 fe-

101 1347 182 1434 ram,
204 1377 270 1419 non
284 1357 391 1442 patiar,
413 1378 476 1419 uon
492 1356 595 1417 sinam.
640 1355 756 1440 Magna
770 1355 827 1417 diie
842 1353 1062 1417 immortalibus
1077 1353 1215 1418 habenda
1244 1407 1248 1412 .

102 1445 150 1510 est
164 1445 273 1532 gratia,
295 1461 386 1527 atque
400 1443 473 1506 liuic
498 1443 551 1526 ipli
567 1442 633 1506 Iovi
648 1441 771 1516 Statori,
796 1439 997 1525 antiquiffimo
1011 1440 1128 1504 custodi
1156 1440 1215 1504 hu·

100 1536 156 1621 jue
179 1532 276 1608 urbia,
296 1533 381 1616 quod
405 1531 484 1594 hanc
498 1546 562 1592 tam
585 1543 705 1606 tetram,
727 1545 789 1592 tam
816 1528 1001 1606 horribilem,
1025 1543 1149 1612 tamque
1163 1529 1257 1610 iri-,75

102 1619 217 1684 festam
229 1621 404 1703 reipublicae
418 1619 533 1703 pestem
549 1619 638 1681 toties
648 1619 712 1703 jam
728 1617 901 1703 effugimus.
945 1617 1019 1680 Non
1048 1617 1091 1680 est
1106 1615 1214 1700 sapius

103 1710 139 1772 in
154 1729 218 1771 uno
232 1707 358 1771 homine
373 1706 451 1769 salua
465 1706 584 1769 summa
606 1705 802 1789 periclitanda
827 1704 1010 1788 reipublicae.
1056 1705 1214 1789 Quamdiu

105 1795 197 1871 mibi,
219 1794 345 1858 Consuli
357 1794 522 1879 designato,
546 1792 687 1868 Catilina,
710 1793 863 1856 insidiatus
877 1813 920 1868 es,
942 1813 1005 1854 non
1026 1791 1149 1876 publico
1164 1813 1214 1856 me
1244 1803 1246 1806 ’

104 1883 257 1967 proclidio,
279 1881 331 1945 sed
353 1879 468 1966 priuati
481 1882 638 1966 diligentia
663 1880 798 1956 defendi,
821 1885 890 1943 cim
906 1879 1051 1963 proximis
1075 1879 1215 1942 Comitiis

107 1969 327 2034 Consularibuu
353 1991 403 2033 me
428 1968 592 2032 Consulem
607 1968 639 2028 in
654 1989 774 2052 campo,
799 1972 827 2031 8r
856 1967 1069 2050 competitores
1084 1981 1153 2030 tuoe
1167 1969 1257 2034 in·80

105 2057 389 2134 tcrficerevoluilli‚
403 2056 561 2140 compreffi
575 2072 644 2118 tuos
663 2055 795 2119 nefarios
815 2069 940 2118 conatus
959 2056 1126 2118 amicorum
1138 2077 1215 2140 prae-

107 2145 187 2208 lidio
212 2148 243 2208 &
268 2145 376 2229 copiis,
397 2146 483 2207 nullo
497 2145 634 2208 tumultu
648 2142 770 2227 publice
795 2145 964 2206 concitato:
985 2143 1117 2225 denique
1139 2167 1216 2227 quo·

106 2233 301 2316 riescumque
327 2253 377 2296 me
401 2231 512 2317 petisti,
534 2251 589 2315 per
612 2251 662 2293 me
686 2231 742 2293 tibi
771 2229 890 2292 obstiti:
923 2249 1097 2314 quanquam
1130 2233 1214 2296 vide-
1243 2247 1249 2290 :

108 2320 194 2396 bam,
205 2322 370 2405 perniciem
385 2341 485 2382 meam
500 2341 571 2382 cum
581 2317 690 2405 magui
703 2319 873 2380 calamitate
887 2317 1058 2401 reipublicae
1073 2319 1132 2380 elle
1142 2340 1216 2382 con·

104 2408 261 2495 junctam.
304 2408 398 2472 Nunc
409 2410 474 2495 jam
488 2413 589 2493 aperte
603 2408 823 2492 rempubIIcam
837 2407 1003 2469 universam
1012 2409 1111 2491 petis3
1134 2423 1211 2471 tem·
1217 2414 1257 2472 85

108 2670 187 2716 uelitis
202 2672 226 2715 Ic
242 2670 270 2717 L
289 2669 452 2727 Vargunteius
466 2670 592 2717 inererat
606 2671 671 2717 Var-
703 2668 823 2731 Rempub.
836 2668 1030 2727 penterevoluit;
1053 2666 1125 2713 alium
1135 2665 1260 2729 cnimjaut

108 2734 235 2791 gunteimn
253 2736 392 2781 Senatorem
410 2734 530 2781 nominat:
549 2735 597 2782 Dio
618 2736 671 2794 qui·
703 2733 889 2791 coniurationem
900 2732 1002 2781 Catilina
1012 2732 1106 2780 melitus
1116 2732 1201 2781 luerat.

107 2798 356 2856 denuduuuaffirmut,
374 2799 416 2846 aud
429 2806 457 2844 ut
472 2799 565 2856 Cicero,
579 2802 671 2846 nullum
737 2802 776 2845 79.
801 2795 899 2845 Priona
933 2794 1072 2853 alliganti]
1105 2796 1167 2845 Cum
1189 2797 1260 2845 toties

110 2862 228 2909 umriinat.
705 2862 814 2911 Ciceroni
825 2863 948 2921 dmignatu
962 2862 1058 2909 Conmli
1071 2863 1175 2910 Catilina
1189 2874 1260 2922 para·

145 2928 184 2973 63.
202 2924 327 2988 conpleri.)
350 2928 399 2975 Per
419 2927 526 2975 Fuluium
541 2926 588 2975 vile
607 2941 671 2977 ecor-
703 2932 742 2975 ret
769 2927 873 2983 inuidiae,
902 2924 977 2973 uoluit
997 2940 1100 2987 unquam
1119 2926 1214 2985 publico
1235 2942 1261 2975 ue

108 2994 165 3036 tum
182 2992 291 3038 omnium
316 2994 404 3039 certior
424 2992 502 3039 factus
526 2992 605 3040 bremt
630 2992 672 3041 ci·
703 2994 813 3051 praesidio
834 2992 919 3039 Cicero
929 2990 1100 3046 denudamur
1109 2991 1261 3050 tyrannidem

110 3068 176 3101 cero
704 3056 819 3104 affectare
831 3054 854 3101 in
867 3056 960 3116 llepub.
969 3054 1095 3103 rideretur.

145 3119 185 3165 ⁶5.
205 3116 325 3176 Earini.)
343 3121 390 3168 Eue
405 3122 505 3179 equites,
526 3122 566 3182 qui
583 3124 672 3169 reluta·
738 3120 774 3168 lb.
787 3121 903 3170 Prorimia
920 3116 1045 3178 Comitio]
1073 3120 1172 3176 Quibus,
1191 3120 1262 3169 Cice-

108 3179 184 3229 tionir
201 3188 273 3230 cnm
294 3184 435 3231 Cir-emnem
453 3188 579 3233 contenire
599 3186 673 3233 debe-
703 3198 761 3232 ruue
773 3186 883 3243 Consule,
895 3172 932 3232 Ἰ),
952 3184 1044 3231 Silanun
1063 3184 1086 3229 Iu
1104 3186 1132 3231 L.
1151 3186 1262 3233 Murmur

111 3244 182 3301 bant,
202 3248 300 3295 domum
313 3264 381 3295 stram
394 3264 442 3296 non
458 3250 560 3308 recepit:
582 3250 614 3297 illi
630 3266 673 3296 au·
705 3251 819 3297 Consules
834 3247 950 3307 designati
970 3254 1041 3306 sunt,·
1060 3262 1124 3295 annu
1143 3250 1262 3307 superiore

110 3314 163 3356 vm
174 3312 265 3358 exclusi
273 3312 308 3358 ita
316 3316 486 3369 clamaverunt,
502 3319 673 3382 utremprope
705 3318 823 3373 repulsam
842 3326 924 3373 putatu
945 3312 1049 3359 Catilina
1064 3312 1087 3359 in
1101 3314 1263 3363 buncanuum

112 3374 252 3433 proderent,
267 3381 295 3422 ut
304 3377 340 3423 ait
358 3379 507 3425 Plutarchus.
705 3378 860 3425 Cunnrlutum
889 3376 987 3437 petebat
1012 3390 1067 3424 cuin
1091 3378 1117 3423 L.
1143 3379 1261 3439 Antoni03

146 3442 188 3487 rit.
208 3439 295 3487 Murus
310 3440 421 3499 interna]
454 3441 519 3489 Muri
536 3441 560 3488 br.
583 3442 674 3492 moenia
705 3441 827 3501 quaerebar
847 3446 928 3487 autem
948 3439 1052 3487 Catilina
1070 3440 1211 3489 Ciceronem
1232 3442 1264 3491 ad

110 3503 213 3563 publica
222 3510 287 3560 eunt,
298 3505 403 3565 parietes
411 3506 496 3566 privati
705 3519 800 3563 nocem,
811 3505 865 3567 quia
876 3504 978 3552 ‹onsililu
988 3504 1035 3551 suis
1043 3505 1179 3553 obsistebat.

147 3569 187 3615 74.
206 3567 264 3615 Jove·
292 3567 399 3626 Statori]
435 3572 465 3618 ln
489 3570 555 3619 soria
575 3571 674 3620 Statoris
739 3574 779 3619 80.
802 3570 832 3617 Ia
848 3566 945 3629 corripe]
963 3568 1053 3617 Martio
1069 3570 1093 3617 itt
1109 3584 1205 3633 campe,
1223 3572 1264 3623 ubi

112 3633 207 3693 canpto
230 3634 331 3681 Serrana
352 3634 491 3683 habebam.
532 3637 613 3683 sutor
630 3651 673 3682 uu·
706 3634 810 3683 Comitia
819 3632 973 3681 liubcbuntur.

110 3702 164 3743 tem
180 3695 260 3743 dicun
282 3702 328 3755 ert,
354 3698 416 3759 quod
441 3698 551 3759 precibus
578 3700 672 3747 Romuli
738 3700 922 3748 unAmnarun
931 3694 1057 3761 presidio]
1074 3700 1149 3747 Venit
1158 3700 1180 3748 in
1197 3716 1264 3751 earn-

113 3760 205 3807 foedam
240 3762 401 3810 nummorum
428 3767 441 3809 l
472 3763 565 3811 sabinia
592 3764 673 3823 prufli-
705 3777 763 3823 pum
771 3765 871 3826 stipatus
881 3764 1011 3811 amicorum
1023 3764 1175 3823 praesidio&
1192 3768 1266 3815 lurica

110 3831 225 3882 metrum
244 3824 327 3885 fugem
348 3827 453 3875 nuent.
492 3826 556 3875 vide
581 3827 674 3877 Litium
706 3833 793 3885 recma,
811 3826 909 3877 utboni
926 3828 1034 3874 videntes
1053 3829 1160 3876 Consulit
1170 3832 1265 3890 peticu-

111 3889 156 3937 lib.
171 3890 194 3935 l.
693 3894 756 3942 ‘lum
776 3894 804 3940 ud
817 3892 867 3953 ejtn
874 3892 1036 3940 defensionem
1049 3894 1221 3943 excitarentur.

149 3955 191 4000 75.
205 3950 265 4001 Tem
276 3954 380 4012 infestam
389 3956 444 4019 reip.
459 3951 564 4018 petrem]
597 3957 674 4005 Peon
740 3960 779 4007 82.
799 3957 868 4007 Nullo
889 3952 1007 4013 tumultu]
1040 3956 1096 4005 Siue
1111 3961 1158 4005 ulto
1181 3954 1291 4008 bellico'

111 4018 186 4075 νοῑεὸ
201 4021 214 4061 a
230 4018 346 4066 Cicerone
361 4024 495 4081 appellatur
508 4022 673 4084 quodcumque
705 4028 830 4084 apparatu.

112 4080 233 4129 &ninum
243 4083 376 4131 niaximum
385 4085 464 4134 insert.
740 4090 779 4135 83.
803 4087 844 4135 Me
862 4084 960 4149 petisti]
978 4088 1123 4147 Metaphora
1138 4092 1152 4132 t
1168 4088 1267 4136 Gladia-

148 4148 190 4193 ἿἿ.
202 4144 288 4193 Inane
298 4144 406 4206 lomim]
424 4150 451 4197 lrl
469 4158 515 4210 eat,
536 4164 583 4199 non
597 4151 677 4205 artfe-
708 4152 806 4211 toribus,
828 4168 928 4217 quonium
939 4152 1042 4215 irupetua
1058 4151 1185 4215 petitionee
1199 4152 1266 4201 dicu·

112 4208 205 4259 medin
227 4210 317 4284 diutina
344 4212 384 4265 lue
409 4214 491 4275 berun
528 4216 569 4279 qui
591 4216 678 4279 raptu·
710 4215 804 4267 bauan.
