2825 4775
272 205 274 210 ’
368 235 547 316 onemo
568 239 662 313 ruo
683 213 732 314 m
756 243 928 314 cosmo.
1165 250 1233 318 en

83 375 124 450 iis
137 381 311 464 videretur3
332 369 423 471 ¹cujus
447 363 504 470 ego·
523 381 658 447 sacinora
679 381 776 447 oculis
790 383 886 470 prius,
919 392 1012 470 quim
1036 375 1194 474 opinione,

86 475 228 539 manibus
238 491 320 553 ante,
329 483 420 560 quim
429 471 607 558 suspicione,
621 470 829 558 deprehendi,
852 473 942 560 cujus
962 475 994 538 in
1009 479 1127 563 magnis
1142 498 1193 543 ca·

83 561 178 628 terris
193 563 360 628 arnieorum
376 561 396 624 fi
410 561 470 626 suit
492 557 586 624 etiam
601 557 732 638 Coelius,
755 561 853 648 magis
863 561 918 640 eii,
941 577 977 628 ut
993 563 1056 651 ipse
1067 555 1193 634 molest&

84 650 166 714 fetat
180 648 284 718 emisse
295 651 335 730 se,
358 649 442 716 sicuti
456 668 680 736 nonnunquam
694 647 727 712 in
742 651 851 714 eodem
860 645 986 716 homine
1001 673 1051 717 me
1066 674 1191 741 quoque

66 739 194 807 verroris
219 741 279 804 mei
302 742 442 829 poenitet,
456 749 551 824 quarn
576 751 612 803 ut
629 737 715 802 istius
729 737 872 802 amicitie
902 741 1021 804 crimen
1049 743 1238 811 resumi-65

78 827 145 890 det.
197 828 304 914 Itaque
319 835 335 892 i
350 827 521 894 maledi&
538 826 696 912 pudicitia
712 826 752 890 ad
773 828 993 913 conjurationis
1008 830 1152 896 invidiam
1163 855 1199 897 o-

77 915 160 1000 ratio
174 915 218 979 est
232 918 327 982 restra
337 916 455 1002 delapsa
464 937 476 994 ’ς
500 911 639 1000 posuistis
654 913 750 990 euim,
762 929 855 998 atque
864 913 898 977 id
912 928 1017 979 tamen
1029 919 1197 986 titubanter

80 1005 113 1066 δι
132 998 273 1082 strisiim,
285 1003 505 1094 conjurationis
523 1000 618 1079 hunc,
633 1015 758 1088 propter
771 1002 938 1066 amicitiam
960 1000 1112 1084 Catilinae,
1128 1029 1197 1095 par-

76 1089 208 1178 ticipem
223 1091 330 1160 fuisse:
360 1089 394 1158 in
416 1115 479 1178 quo
498 1113 561 1155 non
587 1091 679 1154 ruodd
694 1087 888 1154 crinennon
902 1088 1047 1170 haerebat,
1078 1093 1129 1158 sed
1142 1095 1193 1160 vit

76 1180 185 1244 diserti
218 1182 416 1250 adolescentis
445 1179 616 1245 cohaerebat
641 1178 748 1242 oratio.
795 1179 862 1266 Qui
887 1179 971 1241 enim
989 1193 1092 1245 tantus
1106 1182 1242 1250 sutorio

76 1265 112 1330 in
129 1268 258 1344 coeuot
288 1271 372 1356 quod
387 1281 509 1334 tantum
534 1265 634 1330 autin
653 1266 790 1330 moribus
813 1265 983 1352 natumque
997 1269 1120 1347 vulnus,
1147 1285 1200 1336 aut

77 1355 113 1420 in
129 1378 164 1422 re
178 1371 270 1441 atque
285 1357 435 1424 fortuna?
457 1356 510 1421 ubi
520 1355 652 1439 denique
667 1355 712 1418 esi
722 1353 755 1417 in
774 1350 830 1421 istt
848 1349 1016 1440 suspicione
1035 1356 1129 1421 Coelii
1143 1381 1200 1423 no-

75 1467 155 1509 men
171 1445 337 1512 auditum?
360 1443 504 1510 Nimium
515 1443 612 1507 multa
626 1441 664 1508 de
678 1461 713 1506 re
728 1439 853 1508 minime
866 1441 985 1511 dubitl
1027 1465 1109 1509 uor:
1139 1447 1200 1512 hoc

74 1547 188 1598 tamen
202 1531 284 1611 dico,
307 1554 370 1598 non
395 1530 488 1598 modd
503 1529 524 1594 sr
539 1531 637 1599 socius
657 1530 887 1618 conjurationis,
909 1529 961 1596 sed
976 1533 1030 1596 nir
1054 1533 1199 1599 inimicis-

75 1621 178 1686 fimus
192 1619 278 1686 istius
293 1621 410 1687 sceleris
425 1617 536 1698 fuisset,
548 1637 706 1705 nunquam
723 1619 942 1706 conjurationis
958 1621 1148 1693 accusatione
1163 1631 1243 1692 a·75

74 1707 301 1775 dolescentiam
315 1711 399 1775 suam
408 1706 592 1796 potissimum
602 1708 821 1773 commendare
833 1708 972 1772 voluisset
985 1731 994 1772 τ
1008 1712 1103 1795 quod,
1115 1711 1200 1777 haud

75 1799 155 1876 scio,
172 1817 213 1860 an
227 1797 266 1862 de
280 1799 409 1876 ambitu,
422 1802 453 1862 δι
470 1797 509 1860 de
517 1795 695 1861 criminibus
717 1795 804 1861 istius
821 1795 968 1860 sodalium
984 1817 1019 1861 ac
1041 1797 1201 1882 sequestri-

79 1907 150 1963 um,
167 1887 315 1970 quoniam
337 1887 400 1951 huc
415 1883 520 1961 incidi,
537 1883 672 1948 srmilitet
696 1879 947 1970 respondendum
969 1899 1098 1970 putem3
1120 1909 1203 1952 nuu-

81 1995 182 2060 quam
204 1973 287 2038 enim
298 1989 361 2039 tarn
373 1974 492 2040 Coelius
516 1993 620 2036 amens
634 1971 746 2051 fuisset,
767 1973 831 2038 utsr
846 1971 877 2038 se
888 1971 946 2038 isto
959 1970 1081 2039 infinito
1104 1976 1201 2040 ambi·

81 2077 121 2127 tu
135 2061 392 2142 commaculasset,
414 2059 548 2126 ambitiis
570 2063 699 2125 alterum
715 2061 889 2126 accusaret:
921 2083 1023 2146 neque
1037 2064 1105 2150 ejus
1120 2063 1246 2132 sasiido

78 2151 114 2215 in
138 2153 236 2215 altero
265 2149 466 2236 suspicionem
492 2161 654 2236 quereret,
677 2152 767 2236 cujus
790 2149 853 2235 ipse
877 2147 930 2214 sibi
1062 2171 1133 2215 uam
1163 2155 1202 2216 u·-

80 2240 216 2306 centiam
225 2251 344 2326 optaret
356 2263 365 2304 r
379 2259 448 2317 nec,
464 2235 548 2302 fifibi
559 2236 652 2302 semei
664 2238 839 2324 periculum
855 2238 991 2302 ambitus
1005 2237 1201 2306 subeundum

80 2339 218 2415 putaret,
240 2324 301 2414 ipse
331 2329 461 2393 alterum
480 2326 592 2393 iterum
613 2324 748 2391 atnbitits
762 2325 890 2391 minine
916 2325 1093 2393 arcefferet:
1117 2331 1202 2415 quod

80 2434 261 2502 quanquam
275 2436 334 2481 nec
360 2417 520 2503 sapienter,
546 2418 576 2480 tc
598 2434 649 2479 me
660 2415 756 2479 invito
770 2414 856 2493 saeit,
871 2427 976 2479 tamen
994 2415 1039 2479 est
1050 2416 1202 2502 ejusmodi

81 2505 271 2590 cupiditatis,
286 2521 332 2584 ut,
343 2505 452 2590 magis
467 2500 609 2569 insediari
620 2504 744 2567 alterius
759 2504 978 2579 innocentiam,
994 2502 1088 2587 quim
1110 2506 1149 2569 de
1165 2506 1244 2573 sesss

83 2590 193 2657 timide
211 2596 344 2681 cogitare
366 2594 513 2657 videatur.
558 2586 642 2655 Nam
657 2592 742 2673 quod
764 2612 806 2655 aes
821 2590 955 2655 alienum
969 2588 1129 2675 objectum
1143 2592 1201 2671 est,

84 2680 227 2768 sumptus
248 2682 430 2768 reprehensi,
455 2680 567 2744 tabulae
594 2674 755 2764 flagitatae:
783 2679 883 2742 videte
909 2698 1002 2765 quatu
1034 2700 1132 2765 pauca
1154 2702 1203 2746 re·

84 2766 261 2856 spondeam.
305 2766 452 2847 Tabulas,
467 2766 521 2854 qui
536 2766 569 2831 in
581 2768 674 2853 patris
688 2762 836 2853 potestate
865 2766 921 2847 est,
950 2768 1050 2835 nullas
1065 2768 1201 2861 coniicit.
1270 2795 1274 2805 ’

117 3042 157 3088 61.
172 3038 253 3087 Oculis
265 3038 341 3102 pride,
358 3033 563 3103 quamcitissime]
579 3034 650 3085 Prius
714 3036 751 3085 lb.
769 3034 994 3101 hartmannum]
1028 3038 1097 3089 Dicit
1107 3040 1192 3089 Polam
1202 3055 1247 3103 ps-

84 3110 216 3165 pstueruut
227 3104 302 3153 oeulis
318 3104 422 3152 crimina
438 3103 558 3160 Cutilinre,
577 3105 650 3163 quam
681 3103 746 3151 trem
761 3102 867 3153 Atratini
878 3103 1000 3153 immerito
1014 3102 1086 3151 fuisse
1097 3112 1247 3164 coetuum,

84 3183 169 3217 eorum
189 3184 245 3217 reue
260 3168 409 3217 eraderetur:
432 3182 476 3231 per
500 3166 609 3215 Fulviam
623 3180 650 3213 e·
682 3170 711 3211 ut
722 3166 831 3227 judicum
841 3170 902 3217 vitet
917 3164 1084 3226 offensionem,
1109 3159 1247 3230 quibusca-

85 3233 136 3282 nim
144 3233 335 3297 conjurationem
343 3232 447 3295 aceepit,
455 3236 584 3292 antequem
592 3244 651 3279 con-
683 3234 892 3281 onerationem
901 3235 969 3282 Pola.

82 3292 218 3356 juratorum
236 3300 311 3348 litere
323 3298 348 3347 iu
361 3302 436 3360 ponte
454 3296 539 3346 Milvio
551 3294 651 3343 fuissent
714 3299 755 3345 st.
765 3297 872 3361 Sumptus
882 3292 1031 3360 reprehensi]
1052 3296 1164 3345 Valerius
1173 3300 1249 3347 teota-

85 3362 251 3425 deprehensa.
682 3363 723 3409 sur
737 3374 786 3420 eos,
803 3363 844 3424 qui
860 3362 980 3410 maximos
997 3366 1106 3422 sumptus
1126 3360 1249 3421 imment,

117 3430 158 3476 63.
178 3424 344 3487 Sistta'setiam
356 3426 449 3487 caum,
463 3423 521 3483 lio]
555 3423 579 3473 Si
590 3422 652 3471 inter
684 3425 823 3486 stringenti
836 3426 944 3485 fuissent,
962 3426 1005 3472 eui
1025 3439 1058 3472 res
1074 3426 1181 3474 alienum
1191 3441 1251 3475 cou-

85 3498 121 3539 tot
142 3492 257 3553 Catilinae
276 3492 367 3542 amens
388 3494 433 3542 suit
458 3490 557 3547 Coelius,
582 3490 653 3549 longe
683 3490 824 3550 unxissent,
839 3490 983 3551 gravissimis
993 3488 1251 3552 orppliciisapudRo·

83 3552 652 3619 justiusconqueridebemeinsruudeminduc-
685 3555 966 3605 mauossffeetossuisse.
1039 3595 1043 3601 .
1122 3609 1126 3618 ,
1160 3577 1164 3586 ·

86 3622 139 3670 tum
158 3621 240 3680 suisne,
263 3620 392 3672 recidero
408 3632 573 3684 sepenumero
593 3632 652 3666 cou-
720 3619 755 3669 ΙΙ).
796 3618 894 3668 Tabusae
919 3616 1060 3685 flagitata]
1103 3620 1180 3670 Moris
1205 3624 1253 3672 fuit

85 3690 185 3745 quesitas
198 3692 245 3745 est,
256 3690 328 3747 quim
338 3689 414 3737 vereri
425 3702 456 3735 ne
464 3686 531 3735 istius
542 3682 653 3733 catilina·
685 3684 750 3745 tpud
768 3684 898 3744 itonam,
920 3690 947 3733 ut
960 3684 1166 3749 patrer-familias,
1184 3702 1252 3751 qun-

86 3750 199 3801 amicitia
206 3752 303 3801 crimini
309 3752 354 3801 eibi
366 3756 479 3801 vertatur.
685 3760 781 3812 euntpre
798 3751 964 3811 per{siugulos
981 3750 1041 3810 dies,
1057 3755 1100 3800 aut
1112 3753 1254 3815 acciperent

118 3814 159 3865 to.
181 3814 210 3863 se
226 3814 357 3875 cestriam]
390 3818 527 3879 sequestres
535 3816 574 3863 rel
589 3817 655 3873 mut,
688 3819 731 3862 aut
755 3815 929 3878 expenderent,
961 3830 993 3864 ea
1021 3815 1128 3878 primum
1156 3818 1253 3879 propris

89 3887 188 3929 anctore
207 3833 305 3940 imao,
333 3882 475 3945 interpretes
498 3881 610 3938 ambitus,
632 3880 656 3926 dc
688 3890 718 3927 sc
733 3878 875 3931 festinanter
885 3882 911 3929 in
926 3882 1036 3931 codicem
1046 3882 1254 3931 memoriteeausfl

88 3946 561 4007 oornrmpendsrumtribuumtuetores,
570 3946 654 4006 sesqui
686 3951 799 4004 putamur
820 3946 947 4003 referrent,
973 3962 1028 4010 qun
1056 3948 1191 4003 adversaris
1215 3946 1254 3993 di·

87 4014 242 4071 senuquum
261 4010 404 4059 mediatores
419 4009 655 4075 adpopuligratiatn
687 4009 813 4073 essentne,
847 4012 935 4060 deiude
959 4026 1003 4073 per
1033 4012 1110 4061 otium
1138 4012 1164 4057 in
1201 4008 1255 4058 arii·

87 4084 132 4133 pro
140 4074 449 4138 candidatisaueupundam
460 4076 623 4137 interponunt.
688 4076 777 4123 mimis
790 4076 882 4134 ordine,
898 4074 922 4123 ds
940 4072 1052 4126 aecumst
1069 4073 1253 4139 perscriberent.

122 4140 163 4186 83.
186 4136 343 4199 memmi]
375 4142 433 4191 Jarn
453 4155 481 4189 ro
545 4145 657 4189 notamur
689 4138 739 4188 Eas
759 4142 854 4191 tubulas
874 4143 961 4207 accepti
985 4143 1011 4196 dt
1028 4140 1122 4206 capenas
1142 4138 1255 4187 nouus·

89 4202 242 4252 estensium
253 4204 468 4255 arnhitdscrimine
503 4205 659 4255 mersurum
692 4204 759 4253 bant.
1143 4232 1147 4239 ›

89 4270 167 4317 semel
189 4282 324 4328 accumse,
352 4270 503 4334 eiusdemque
523 4268 659 4321 absolutum
723 4272 764 4317 88.
789 4267 836 4319 iai
855 4269 881 4318 in
894 4270 972 4334 patris
987 4275 1101 4335 perarate
1125 4264 1181 4345 esp]
1213 4262 1255 4316 Isi·

91 4331 182 4383 iterum
193 4348 329 4387 tecuam.
689 4334 851 4387 Ιίιυ-ὑπιίιὶω
875 4335 969 4385 uuum
997 4348 1047 4385 uon
1070 4333 1178 4399 consol,
1198 4331 1256 4397 quie

648 4394 715 4463 ΚΕ
