<?xml version="1.0" encoding="UTF-8"?>
<!DOCTYPE html PUBLIC "-//W3C//DTD XHTML 1.0 Transitional//EN"
    "http://www.w3.org/TR/xhtml1/DTD/xhtml1-transitional.dtd">
<html xmlns="http://www.w3.org/1999/xhtml" xml:lang="en" lang="en">
 <head>
  <title>
</title>
<meta http-equiv="Content-Type" content="text/html;charset=utf-8" />
  <meta name='ocr-system' content='tesseract 3.04.00' />
  <meta name='ocr-capabilities' content='ocr_page ocr_carea ocr_par ocr_line ocrx_word'/>
</head>
<body>
  <div class='ocr_page' id='page_1' title='image "./orationesquaeda00mrgoog/orationesquaeda00mrgoog_0262.png"; bbox 0 0 2825 4775; ppageno 0'>
   <div class='ocr_carea' id='block_1_1' title="bbox 174 201 992 297">
    <p class='ocr_par' dir='ltr' id='par_1_1' title="bbox 174 201 992 297">
     <span class='ocr_line' id='line_1_1' title="bbox 174 201 992 297; baseline -0.007 -10"><span class='ocrx_word' id='word_1_1' title='bbox 174 201 244 297; x_wconf 75' lang='lat' dir='ltr'>aas</span> <span class='ocrx_word' id='word_1_2' title='bbox 503 207 560 284; x_wconf 81' lang='lat' dir='ltr'>tt.</span> <span class='ocrx_word' id='word_1_3' title='bbox 581 201 992 284; x_wconf 65' lang='lat' dir='ltr'>munerationis</span> 
     </span>
    </p>
   </div>
   <div class='ocr_carea' id='block_1_2' title="bbox 87 331 1392 3785">
    <p class='ocr_par' dir='ltr' id='par_1_2' title="bbox 216 331 1392 616">
     <span class='ocr_line' id='line_1_2' title="bbox 218 331 1326 435; baseline -0.003 -16"><span class='ocrx_word' id='word_1_4' title='bbox 218 375 235 408; x_wconf 68' lang='grc' dir='ltr'><strong>ε</strong></span> <span class='ocrx_word' id='word_1_5' title='bbox 250 348 402 419; x_wconf 73' lang='lat' dir='ltr'>castronis</span> <span class='ocrx_word' id='word_1_6' title='bbox 416 350 492 416; x_wconf 89' lang='lat' dir='ltr'>ratio</span> <span class='ocrx_word' id='word_1_7' title='bbox 507 373 542 416; x_wconf 88' lang='lat' dir='ltr'>ac</span> <span class='ocrx_word' id='word_1_8' title='bbox 564 350 723 428; x_wconf 73' lang='lat' dir='ltr'>militaris3</span> <span class='ocrx_word' id='word_1_9' title='bbox 749 353 810 435; x_wconf 81' lang='lat' dir='ltr'>qul</span> <span class='ocrx_word' id='word_1_10' title='bbox 833 351 867 413; x_wconf 91' lang='lat' dir='ltr'>in</span> <span class='ocrx_word' id='word_1_11' title='bbox 887 361 988 427; x_wconf 75' lang='lat' dir='ltr'>aetate,</span> <span class='ocrx_word' id='word_1_12' title='bbox 1010 343 1063 410; x_wconf 78' lang='lat' dir='ltr'>nib</span> <span class='ocrx_word' id='word_1_13' title='bbox 1079 346 1134 430; x_wconf 86' lang='lat' dir='ltr'>qui</span> <span class='ocrx_word' id='word_1_14' title='bbox 1147 335 1179 410; x_wconf 77' lang='lat' dir='ltr'>fe</span> <span class='ocrx_word' id='word_1_15' title='bbox 1193 332 1258 432; x_wconf 79' lang='lat' dir='ltr'>ipfe</span> <span class='ocrx_word' id='word_1_16' title='bbox 1271 331 1326 416; x_wconf 75' lang='lat' dir='ltr'>sut</span> 
     </span>
     <span class='ocr_line' id='line_1_3' title="bbox 216 433 1326 532; baseline -0.005 -27"><span class='ocrx_word' id='word_1_17' title='bbox 216 444 372 532; x_wconf 82' lang='lat' dir='ltr'>gravitate,</span> <span class='ocrx_word' id='word_1_18' title='bbox 397 445 426 504; x_wconf 79' lang='lat' dir='ltr'>dr</span> <span class='ocrx_word' id='word_1_19' title='bbox 442 439 627 517; x_wconf 73' lang='lat' dir='ltr'>castimonia,</span> <span class='ocrx_word' id='word_1_20' title='bbox 651 444 681 504; x_wconf 77' lang='lat' dir='ltr'>dt</span> <span class='ocrx_word' id='word_1_21' title='bbox 697 438 772 503; x_wconf 75' lang='lat' dir='ltr'>edm</span> <span class='ocrx_word' id='word_1_22' title='bbox 783 437 942 525; x_wconf 70' lang='lat' dir='ltr'>disciplina</span> <span class='ocrx_word' id='word_1_23' title='bbox 953 433 1129 513; x_wconf 72' lang='lat' dir='ltr'>domestici,</span> <span class='ocrx_word' id='word_1_24' title='bbox 1151 435 1326 499; x_wconf 78' lang='lat' dir='ltr'>tumetium</span> 
     </span>
     <span class='ocr_line' id='line_1_4' title="bbox 218 521 1392 616; baseline -0.004 -24"><span class='ocrx_word' id='word_1_25' title='bbox 218 531 378 594; x_wconf 83' lang='lat' dir='ltr'>bnaturali</span> <span class='ocrx_word' id='word_1_26' title='bbox 392 529 526 616; x_wconf 86' lang='lat' dir='ltr'>quodam</span> <span class='ocrx_word' id='word_1_27' title='bbox 539 529 621 593; x_wconf 86' lang='lat' dir='ltr'>bono</span> <span class='ocrx_word' id='word_1_28' title='bbox 643 527 832 603; x_wconf 80' lang='lat' dir='ltr'>defenderat,</span> <span class='ocrx_word' id='word_1_29' title='bbox 871 521 998 612; x_wconf 83' lang='lat' dir='ltr'>quoquo</span> <span class='ocrx_word' id='word_1_30' title='bbox 1027 525 1120 588; x_wconf 87' lang='lat' dir='ltr'>modo</span> <span class='ocrx_word' id='word_1_31' title='bbox 1141 521 1161 587; x_wconf 71' lang='lat' dir='ltr'>i</span> <span class='ocrx_word' id='word_1_32' title='bbox 1183 524 1245 588; x_wconf 84' lang='lat' dir='ltr'>fuis</span> <span class='ocrx_word' id='word_1_33' title='bbox 1267 545 1326 587; x_wconf 71' lang='lat' dir='ltr'>cua</span> <span class='ocrx_word' id='word_1_34' title='bbox 1391 554 1392 615; x_wconf 63' lang='lat' dir='ltr'>q</span> 
     </span>
    </p>

    <p class='ocr_par' dir='ltr' id='par_1_3' title="bbox 154 615 1392 2288">
     <span class='ocr_line' id='line_1_5' title="bbox 154 615 1392 699; baseline -0.003 -21"><span class='ocrx_word' id='word_1_35' title='bbox 154 629 157 636; x_wconf 88' lang='lat'>&#39;</span> <span class='ocrx_word' id='word_1_36' title='bbox 217 615 345 682; x_wconf 78' lang='lat' dir='ltr'>finditur</span> <span class='ocrx_word' id='word_1_37' title='bbox 373 617 456 694; x_wconf 82' lang='lat' dir='ltr'>effet,</span> <span class='ocrx_word' id='word_1_38' title='bbox 491 631 594 680; x_wconf 85' lang='lat' dir='ltr'>tamen</span> <span class='ocrx_word' id='word_1_39' title='bbox 624 616 782 680; x_wconf 81' lang='lat' dir='ltr'>infamiam</span> <span class='ocrx_word' id='word_1_40' title='bbox 817 635 921 681; x_wconf 82' lang='lat' dir='ltr'>teram</span> <span class='ocrx_word' id='word_1_41' title='bbox 945 615 1081 699; x_wconf 82' lang='lat' dir='ltr'>effugere</span> <span class='ocrx_word' id='word_1_42' title='bbox 1104 633 1168 675; x_wconf 90' lang='lat' dir='ltr'>non</span> <span class='ocrx_word' id='word_1_43' title='bbox 1192 625 1326 698; x_wconf 53' lang='lat' dir='ltr'>potetate</span> <span class='ocrx_word' id='word_1_44' title='bbox 1391 626 1392 683; x_wconf 61' lang='grc' dir='ltr'>ζ</span> 
     </span>
     <span class='ocr_line' id='line_1_6' title="bbox 174 698 1392 792; baseline -0.007 -22"><span class='ocrx_word' id='word_1_45' title='bbox 174 702 282 770; x_wconf 75' lang='lat' dir='ltr'>cased</span> <span class='ocrx_word' id='word_1_46' title='bbox 297 707 350 792; x_wconf 91' lang='lat' dir='ltr'>qui</span> <span class='ocrx_word' id='word_1_47' title='bbox 369 706 467 792; x_wconf 85' lang='lat' dir='ltr'>prima</span> <span class='ocrx_word' id='word_1_48' title='bbox 491 707 542 768; x_wconf 89' lang='lat' dir='ltr'>illa</span> <span class='ocrx_word' id='word_1_49' title='bbox 556 705 642 769; x_wconf 85' lang='lat' dir='ltr'>initia</span> <span class='ocrx_word' id='word_1_50' title='bbox 655 705 753 769; x_wconf 65' lang='lat' dir='ltr'>acutis</span> <span class='ocrx_word' id='word_1_51' title='bbox 776 704 893 791; x_wconf 80' lang='lat' dir='ltr'>integra</span> <span class='ocrx_word' id='word_1_52' title='bbox 918 717 1011 787; x_wconf 83' lang='lat' dir='ltr'>atquc</span> <span class='ocrx_word' id='word_1_53' title='bbox 1039 701 1182 764; x_wconf 79' lang='lat' dir='ltr'>inviolata</span> <span class='ocrx_word' id='word_1_54' title='bbox 1208 719 1222 752; x_wconf 80' lang='lat' dir='ltr'>e</span> <span class='ocrx_word' id='word_1_55' title='bbox 1246 721 1327 783; x_wconf 72' lang='lat' dir='ltr'>prae·</span> <span class='ocrx_word' id='word_1_56' title='bbox 1391 698 1392 717; x_wconf 61' lang='lat'>³</span> 
     </span>
     <span class='ocr_line' id='line_1_7' title="bbox 217 788 1326 880; baseline -0.005 -24"><span class='ocrx_word' id='word_1_57' title='bbox 217 791 356 871; x_wconf 72' lang='lat' dir='ltr'>stitiffeta</span> <span class='ocrx_word' id='word_1_58' title='bbox 394 795 433 858; x_wconf 84' lang='lat' dir='ltr'>de</span> <span class='ocrx_word' id='word_1_59' title='bbox 454 795 520 880; x_wconf 82' lang='lat' dir='ltr'>ejus</span> <span class='ocrx_word' id='word_1_60' title='bbox 541 793 622 858; x_wconf 71' lang='lat' dir='ltr'>fama</span> <span class='ocrx_word' id='word_1_61' title='bbox 636 815 671 857; x_wconf 89' lang='lat' dir='ltr'>ac</span> <span class='ocrx_word' id='word_1_62' title='bbox 682 792 842 880; x_wconf 80' lang='lat' dir='ltr'>pudicitia,</span> <span class='ocrx_word' id='word_1_63' title='bbox 864 790 978 856; x_wconf 75' lang='lat' dir='ltr'>cumis</span> <span class='ocrx_word' id='word_1_64' title='bbox 999 791 1065 878; x_wconf 82' lang='lat' dir='ltr'>jam</span> <span class='ocrx_word' id='word_1_65' title='bbox 1087 788 1153 853; x_wconf 70' lang='lat' dir='ltr'>set</span> <span class='ocrx_word' id='word_1_66' title='bbox 1179 788 1326 852; x_wconf 79' lang='lat' dir='ltr'>cotmbo·</span> 
     </span>
     <span class='ocr_line' id='line_1_8' title="bbox 216 876 1325 963; baseline -0.007 -17"><span class='ocrx_word' id='word_1_67' title='bbox 216 883 343 959; x_wconf 72' lang='lat' dir='ltr'>muffet,</span> <span class='ocrx_word' id='word_1_68' title='bbox 379 903 415 945; x_wconf 90' lang='lat' dir='ltr'>ac</span> <span class='ocrx_word' id='word_1_69' title='bbox 443 883 489 946; x_wconf 78' lang='lat' dir='ltr'>vir</span> <span class='ocrx_word' id='word_1_70' title='bbox 513 883 593 946; x_wconf 88' lang='lat' dir='ltr'>inter</span> <span class='ocrx_word' id='word_1_71' title='bbox 613 881 694 946; x_wconf 81' lang='lat' dir='ltr'>viros</span> <span class='ocrx_word' id='word_1_72' title='bbox 723 880 806 957; x_wconf 79' lang='lat' dir='ltr'>effet,</span> <span class='ocrx_word' id='word_1_73' title='bbox 836 899 928 944; x_wconf 83' lang='lat' dir='ltr'>nemo</span> <span class='ocrx_word' id='word_1_74' title='bbox 958 877 1150 963; x_wconf 78' lang='lat' dir='ltr'><strong>loquebatur.</strong></span> <span class='ocrx_word' id='word_1_75' title='bbox 1194 876 1325 940; x_wconf 82' lang='lat' dir='ltr'>studuit</span> 
     </span>
     <span class='ocr_line' id='line_1_9' title="bbox 216 965 1392 1057; baseline -0.01 -21"><span class='ocrx_word' id='word_1_76' title='bbox 216 969 368 1047; x_wconf 87' lang='lat' dir='ltr'>Catilinae,</span> <span class='ocrx_word' id='word_1_77' title='bbox 383 975 453 1034; x_wconf 81' lang='lat' dir='ltr'>clim</span> <span class='ocrx_word' id='word_1_78' title='bbox 469 971 534 1057; x_wconf 89' lang='lat' dir='ltr'>jam</span> <span class='ocrx_word' id='word_1_79' title='bbox 559 971 676 1053; x_wconf 80' lang='lat' dir='ltr'>aliquot</span> <span class='ocrx_word' id='word_1_80' title='bbox 689 987 786 1042; x_wconf 84' lang='lat' dir='ltr'>annos</span> <span class='ocrx_word' id='word_1_81' title='bbox 807 969 879 1034; x_wconf 86' lang='lat' dir='ltr'>effer</span> <span class='ocrx_word' id='word_1_82' title='bbox 899 967 932 1030; x_wconf 88' lang='lat' dir='ltr'>in</span> <span class='ocrx_word' id='word_1_83' title='bbox 946 966 1017 1030; x_wconf 88' lang='lat' dir='ltr'>foro</span> <span class='ocrx_word' id='word_1_84' title='bbox 1029 965 1159 1042; x_wconf 78' lang='lat' dir='ltr'>Coebua,</span> <span class='ocrx_word' id='word_1_85' title='bbox 1176 969 1208 1030; x_wconf 79' lang='lat' dir='ltr'>dt</span> <span class='ocrx_word' id='word_1_86' title='bbox 1233 965 1329 1032; x_wconf 76' lang='lat' dir='ltr'>multi</span> <span class='ocrx_word' id='word_1_87' title='bbox 1391 1004 1392 1007; x_wconf 19' lang='grc' dir='ltr'><strong>κ</strong></span> 
     </span>
     <span class='ocr_line' id='line_1_10' title="bbox 214 1050 1329 1146; baseline -0.004 -25"><span class='ocrx_word' id='word_1_88' title='bbox 214 1057 275 1122; x_wconf 88' lang='lat' dir='ltr'>hoc</span> <span class='ocrx_word' id='word_1_89' title='bbox 301 1059 383 1122; x_wconf 88' lang='lat' dir='ltr'>idem</span> <span class='ocrx_word' id='word_1_90' title='bbox 401 1057 534 1122; x_wconf 88' lang='lat' dir='ltr'>exomni</span> <span class='ocrx_word' id='word_1_91' title='bbox 548 1059 655 1121; x_wconf 77' lang='lat' dir='ltr'>ordine</span> <span class='ocrx_word' id='word_1_92' title='bbox 669 1071 762 1146; x_wconf 83' lang='lat' dir='ltr'>atque</span> <span class='ocrx_word' id='word_1_93' title='bbox 784 1075 823 1121; x_wconf 77' lang='lat' dir='ltr'>ex</span> <span class='ocrx_word' id='word_1_94' title='bbox 834 1055 919 1121; x_wconf 88' lang='lat' dir='ltr'>omni</span> <span class='ocrx_word' id='word_1_95' title='bbox 935 1069 1025 1120; x_wconf 85' lang='lat' dir='ltr'>aetate</span> <span class='ocrx_word' id='word_1_96' title='bbox 1036 1053 1195 1129; x_wconf 69' lang='lat' dir='ltr'>fecerunta</span> <span class='ocrx_word' id='word_1_97' title='bbox 1218 1050 1329 1116; x_wconf 71' lang='lat' dir='ltr'>lubuit</span> 
     </span>
     <span class='ocr_line' id='line_1_11' title="bbox 175 1141 1328 1229; baseline -0.006 -20"><span class='ocrx_word' id='word_1_98' title='bbox 175 1146 304 1210; x_wconf 68' lang='lat' dir='ltr'>bocnim</span> <span class='ocrx_word' id='word_1_99' title='bbox 325 1147 388 1223; x_wconf 88' lang='lat' dir='ltr'>ille,</span> <span class='ocrx_word' id='word_1_100' title='bbox 414 1147 499 1212; x_wconf 76' lang='lat' dir='ltr'>sicuti</span> <span class='ocrx_word' id='word_1_101' title='bbox 520 1141 757 1217; x_wconf 82' lang='lat' dir='ltr'>memlnlll&#39;e&#39;vos</span> <span class='ocrx_word' id='word_1_102' title='bbox 776 1145 916 1222; x_wconf 86' lang='lat' dir='ltr'>arbitror,</span> <span class='ocrx_word' id='word_1_103' title='bbox 942 1144 1094 1229; x_wconf 85' lang='lat' dir='ltr'>permulta</span> <span class='ocrx_word' id='word_1_104' title='bbox 1122 1141 1328 1204; x_wconf 86' lang='lat' dir='ltr'>maximarum</span> 
     </span>
     <span class='ocr_line' id='line_1_12' title="bbox 217 1227 1328 1320; baseline -0.005 -24"><span class='ocrx_word' id='word_1_105' title='bbox 217 1249 303 1298; x_wconf 72' lang='lat' dir='ltr'>none</span> <span class='ocrx_word' id='word_1_106' title='bbox 320 1235 451 1319; x_wconf 82' lang='lat' dir='ltr'>expreffa</span> <span class='ocrx_word' id='word_1_107' title='bbox 463 1235 555 1320; x_wconf 73' lang='lat' dir='ltr'>dgna,</span> <span class='ocrx_word' id='word_1_108' title='bbox 572 1233 649 1297; x_wconf 72' lang='lat' dir='ltr'>sedf</span> <span class='ocrx_word' id='word_1_109' title='bbox 667 1233 845 1301; x_wconf 85' lang='lat' dir='ltr'>adumbrata</span> <span class='ocrx_word' id='word_1_110' title='bbox 867 1234 1035 1309; x_wconf 76' lang='lat' dir='ltr'>virtutum3</span> <span class='ocrx_word' id='word_1_111' title='bbox 1059 1230 1202 1296; x_wconf 86' lang='lat' dir='ltr'>utebatur</span> <span class='ocrx_word' id='word_1_112' title='bbox 1225 1227 1328 1292; x_wconf 57' lang='lat' dir='ltr'>homi*</span> 
     </span>
     <span class='ocr_line' id='line_1_13' title="bbox 216 1315 1328 1407; baseline -0.004 -23"><span class='ocrx_word' id='word_1_113' title='bbox 216 1323 306 1386; x_wconf 87' lang='lat' dir='ltr'>nlbus</span> <span class='ocrx_word' id='word_1_114' title='bbox 324 1323 470 1407; x_wconf 73' lang='lat' dir='ltr'>improbis</span> <span class='ocrx_word' id='word_1_115' title='bbox 488 1323 645 1398; x_wconf 66' lang='lat' dir='ltr'>multia&amp;</span> <span class='ocrx_word' id='word_1_116' title='bbox 668 1323 795 1406; x_wconf 82' lang='lat' dir='ltr'>quidem</span> <span class='ocrx_word' id='word_1_117' title='bbox 816 1319 940 1406; x_wconf 89' lang='lat' dir='ltr'>optimis</span> <span class='ocrx_word' id='word_1_118' title='bbox 965 1319 995 1384; x_wconf 88' lang='lat' dir='ltr'>se</span> <span class='ocrx_word' id='word_1_119' title='bbox 1019 1316 1091 1383; x_wconf 81' lang='lat' dir='ltr'>viris</span> <span class='ocrx_word' id='word_1_120' title='bbox 1109 1317 1249 1383; x_wconf 84' lang='lat' dir='ltr'>deditum</span> <span class='ocrx_word' id='word_1_121' title='bbox 1270 1315 1328 1380; x_wconf 82' lang='lat' dir='ltr'>effe</span> 
     </span>
     <span class='ocr_line' id='line_1_14' title="bbox 217 1407 1327 1494; baseline -0.004 -24"><span class='ocrx_word' id='word_1_122' title='bbox 217 1409 400 1490; x_wconf 73' lang='lat' dir='ltr'>limulabat3</span> <span class='ocrx_word' id='word_1_123' title='bbox 422 1425 507 1475; x_wconf 88' lang='lat' dir='ltr'>erant</span> <span class='ocrx_word' id='word_1_124' title='bbox 519 1411 600 1494; x_wconf 90' lang='lat' dir='ltr'>apud</span> <span class='ocrx_word' id='word_1_125' title='bbox 611 1409 698 1473; x_wconf 92' lang='lat' dir='ltr'>illum</span> <span class='ocrx_word' id='word_1_126' title='bbox 720 1410 870 1475; x_wconf 78' lang='lat' dir='ltr'>illecebrae</span> <span class='ocrx_word' id='word_1_127' title='bbox 895 1407 1057 1473; x_wconf 81' lang='lat' dir='ltr'>libidinum</span> <span class='ocrx_word' id='word_1_128' title='bbox 1086 1408 1213 1481; x_wconf 74' lang='lat' dir='ltr'>multae3</span> <span class='ocrx_word' id='word_1_129' title='bbox 1241 1414 1327 1467; x_wconf 85' lang='lat' dir='ltr'>erant</span> 
     </span>
     <span class='ocr_line' id='line_1_15' title="bbox 219 1492 1328 1582; baseline -0.004 -22"><span class='ocrx_word' id='word_1_130' title='bbox 219 1497 312 1560; x_wconf 81' lang='lat' dir='ltr'>etiam</span> <span class='ocrx_word' id='word_1_131' title='bbox 332 1497 486 1561; x_wconf 87' lang='lat' dir='ltr'>industriae</span> <span class='ocrx_word' id='word_1_132' title='bbox 502 1499 626 1582; x_wconf 87' lang='lat' dir='ltr'>quidam</span> <span class='ocrx_word' id='word_1_133' title='bbox 647 1497 760 1560; x_wconf 85' lang='lat' dir='ltr'>stimuli</span> <span class='ocrx_word' id='word_1_134' title='bbox 775 1519 809 1562; x_wconf 90' lang='lat' dir='ltr'>ac</span> <span class='ocrx_word' id='word_1_135' title='bbox 824 1497 955 1562; x_wconf 84' lang='lat' dir='ltr'>laboris:</span> <span class='ocrx_word' id='word_1_136' title='bbox 986 1495 1153 1582; x_wconf 82' lang='lat' dir='ltr'>flagrabant</span> <span class='ocrx_word' id='word_1_137' title='bbox 1166 1492 1241 1558; x_wconf 79' lang='lat' dir='ltr'>sitia</span> <span class='ocrx_word' id='word_1_138' title='bbox 1260 1492 1328 1556; x_wconf 85' lang='lat' dir='ltr'>libi-</span> 
     </span>
     <span class='ocr_line' id='line_1_16' title="bbox 175 1582 1326 1670; baseline -0.001 -26"><span class='ocrx_word' id='word_1_139' title='bbox 175 1584 300 1648; x_wconf 74' lang='lat' dir='ltr'>rodinis</span> <span class='ocrx_word' id='word_1_140' title='bbox 314 1587 396 1670; x_wconf 91' lang='lat' dir='ltr'>apud</span> <span class='ocrx_word' id='word_1_141' title='bbox 410 1586 516 1650; x_wconf 83' lang='lat' dir='ltr'>illum:</span> <span class='ocrx_word' id='word_1_142' title='bbox 538 1585 679 1670; x_wconf 84' lang='lat' dir='ltr'>rigebant</span> <span class='ocrx_word' id='word_1_143' title='bbox 693 1587 785 1649; x_wconf 86' lang='lat' dir='ltr'>etiam</span> <span class='ocrx_word' id='word_1_144' title='bbox 797 1585 894 1650; x_wconf 85' lang='lat' dir='ltr'>studia</span> <span class='ocrx_word' id='word_1_145' title='bbox 904 1585 949 1650; x_wconf 89' lang='lat' dir='ltr'>rei</span> <span class='ocrx_word' id='word_1_146' title='bbox 964 1582 1121 1661; x_wconf 84' lang='lat' dir='ltr'>militatia;</span> <span class='ocrx_word' id='word_1_147' title='bbox 1144 1599 1247 1666; x_wconf 86' lang='lat' dir='ltr'>neque</span> <span class='ocrx_word' id='word_1_148' title='bbox 1267 1601 1326 1666; x_wconf 83' lang='lat' dir='ltr'>ego</span> 
     </span>
     <span class='ocr_line' id='line_1_17' title="bbox 217 1673 1327 1760; baseline -0.003 -26"><span class='ocrx_word' id='word_1_149' title='bbox 217 1692 353 1755; x_wconf 80' lang='lat' dir='ltr'>unquam</span> <span class='ocrx_word' id='word_1_150' title='bbox 373 1673 460 1738; x_wconf 84' lang='lat' dir='ltr'>fuiffe</span> <span class='ocrx_word' id='word_1_151' title='bbox 482 1676 542 1737; x_wconf 88' lang='lat' dir='ltr'>tale</span> <span class='ocrx_word' id='word_1_152' title='bbox 555 1674 725 1737; x_wconf 86' lang='lat' dir='ltr'>monstmm</span> <span class='ocrx_word' id='word_1_153' title='bbox 740 1676 773 1738; x_wconf 90' lang='lat' dir='ltr'>in</span> <span class='ocrx_word' id='word_1_154' title='bbox 787 1675 873 1738; x_wconf 87' lang='lat' dir='ltr'>terris</span> <span class='ocrx_word' id='word_1_155' title='bbox 888 1675 987 1736; x_wconf 86' lang='lat' dir='ltr'>ullum</span> <span class='ocrx_word' id='word_1_156' title='bbox 1000 1685 1088 1760; x_wconf 89' lang='lat' dir='ltr'>puto,</span> <span class='ocrx_word' id='word_1_157' title='bbox 1111 1686 1175 1735; x_wconf 89' lang='lat' dir='ltr'>tam</span> <span class='ocrx_word' id='word_1_158' title='bbox 1192 1691 1232 1734; x_wconf 84' lang='lat' dir='ltr'>ex</span> <span class='ocrx_word' id='word_1_159' title='bbox 1253 1689 1327 1732; x_wconf 81' lang='lat' dir='ltr'>con·</span> 
     </span>
     <span class='ocr_line' id='line_1_18' title="bbox 216 1757 1327 1849; baseline -0.002 -28"><span class='ocrx_word' id='word_1_160' title='bbox 216 1761 315 1825; x_wconf 88' lang='lat' dir='ltr'>trariis</span> <span class='ocrx_word' id='word_1_161' title='bbox 336 1761 516 1846; x_wconf 81' lang='lat' dir='ltr'>direrfifque</span> <span class='ocrx_word' id='word_1_162' title='bbox 530 1763 609 1826; x_wconf 90' lang='lat' dir='ltr'>inter</span> <span class='ocrx_word' id='word_1_163' title='bbox 624 1762 653 1824; x_wconf 92' lang='lat' dir='ltr'>fe</span> <span class='ocrx_word' id='word_1_164' title='bbox 668 1761 874 1849; x_wconf 79' lang='lat' dir='ltr'>pugnantibus</span> <span class='ocrx_word' id='word_1_165' title='bbox 888 1774 1005 1826; x_wconf 79' lang='lat' dir='ltr'>naturae</span> <span class='ocrx_word' id='word_1_166' title='bbox 1027 1757 1144 1836; x_wconf 84' lang='lat' dir='ltr'>studiis,</span> <span class='ocrx_word' id='word_1_167' title='bbox 1172 1757 1327 1841; x_wconf 86' lang='lat' dir='ltr'>cupidita·</span> 
     </span>
     <span class='ocr_line' id='line_1_19' title="bbox 206 1847 1325 1936; baseline 0.001 -27"><span class='ocrx_word' id='word_1_168' title='bbox 206 1847 357 1934; x_wconf 78' lang='lat' dir='ltr'>,tibusque</span> <span class='ocrx_word' id='word_1_169' title='bbox 389 1849 565 1914; x_wconf 82' lang='lat' dir='ltr'>conflatum.</span> <span class='ocrx_word' id='word_1_170' title='bbox 611 1850 693 1936; x_wconf 80' lang='lat' dir='ltr'>Quis</span> <span class='ocrx_word' id='word_1_171' title='bbox 722 1849 898 1914; x_wconf 76' lang='lat' dir='ltr'>clariorssaus</span> <span class='ocrx_word' id='word_1_172' title='bbox 922 1850 995 1914; x_wconf 83' lang='lat' dir='ltr'>viris</span> <span class='ocrx_word' id='word_1_173' title='bbox 1019 1847 1154 1934; x_wconf 87' lang='lat' dir='ltr'>quodam</span> <span class='ocrx_word' id='word_1_174' title='bbox 1186 1861 1325 1929; x_wconf 85' lang='lat' dir='ltr'>tempore</span> 
     </span>
     <span class='ocr_line' id='line_1_20' title="bbox 213 1933 1327 2027; baseline -0.002 -30"><span class='ocrx_word' id='word_1_175' title='bbox 213 1935 401 2020; x_wconf 83' lang='lat' dir='ltr'>jucundior?</span> <span class='ocrx_word' id='word_1_176' title='bbox 434 1937 503 2020; x_wconf 90' lang='lat' dir='ltr'>quis</span> <span class='ocrx_word' id='word_1_177' title='bbox 531 1938 716 2022; x_wconf 77' lang='lat' dir='ltr'>turpioribus</span> <span class='ocrx_word' id='word_1_178' title='bbox 744 1937 967 2027; x_wconf 77' lang='lat' dir='ltr'>conjunfiior?</span> <span class='ocrx_word' id='word_1_179' title='bbox 1004 1936 1075 2021; x_wconf 88' lang='lat' dir='ltr'>quis</span> <span class='ocrx_word' id='word_1_180' title='bbox 1097 1935 1202 2001; x_wconf 82' lang='lat' dir='ltr'>cirist</span> <span class='ocrx_word' id='word_1_181' title='bbox 1218 1933 1327 1996; x_wconf 77' lang='lat' dir='ltr'>melio·</span> 
     </span>
     <span class='ocr_line' id='line_1_21' title="bbox 173 2020 1323 2110; baseline -0.003 -24"><span class='ocrx_word' id='word_1_182' title='bbox 173 2025 289 2086; x_wconf 69' lang='lat' dir='ltr'>‘eorum</span> <span class='ocrx_word' id='word_1_183' title='bbox 317 2025 449 2109; x_wconf 90' lang='lat' dir='ltr'>partium</span> <span class='ocrx_word' id='word_1_184' title='bbox 475 2025 662 2109; x_wconf 83' lang='lat' dir='ltr'>aliquando?</span> <span class='ocrx_word' id='word_1_185' title='bbox 707 2027 808 2110; x_wconf 78' lang='lat' dir='ltr'>quish</span> <span class='ocrx_word' id='word_1_186' title='bbox 827 2026 934 2090; x_wconf 90' lang='lat' dir='ltr'>tetrior</span> <span class='ocrx_word' id='word_1_187' title='bbox 957 2023 1052 2093; x_wconf 85' lang='lat' dir='ltr'>hostis</span> <span class='ocrx_word' id='word_1_188' title='bbox 1082 2023 1154 2087; x_wconf 88' lang='lat' dir='ltr'>huic</span> <span class='ocrx_word' id='word_1_189' title='bbox 1182 2020 1323 2084; x_wconf 82' lang='lat' dir='ltr'>civitati?</span> 
     </span>
     <span class='ocr_line' id='line_1_22' title="bbox 216 2107 1324 2197; baseline -0.002 -24"><span class='ocrx_word' id='word_1_190' title='bbox 216 2111 286 2196; x_wconf 90' lang='lat' dir='ltr'>quis</span> <span class='ocrx_word' id='word_1_191' title='bbox 299 2113 331 2176; x_wconf 89' lang='lat' dir='ltr'>in</span> <span class='ocrx_word' id='word_1_192' title='bbox 344 2112 549 2197; x_wconf 79' lang='lat' dir='ltr'>voluptatibus</span> <span class='ocrx_word' id='word_1_193' title='bbox 578 2112 787 2196; x_wconf 78' lang='lat' dir='ltr'>inquinatior?</span> <span class='ocrx_word' id='word_1_194' title='bbox 809 2115 879 2197; x_wconf 87' lang='lat' dir='ltr'>quis</span> <span class='ocrx_word' id='word_1_195' title='bbox 903 2113 937 2177; x_wconf 91' lang='lat' dir='ltr'>in</span> <span class='ocrx_word' id='word_1_196' title='bbox 958 2112 1112 2179; x_wconf 84' lang='lat' dir='ltr'>laboribus</span> <span class='ocrx_word' id='word_1_197' title='bbox 1136 2107 1324 2194; x_wconf 80' lang='lat' dir='ltr'>patientiori</span> 
     </span>
     <span class='ocr_line' id='line_1_23' title="bbox 216 2195 1331 2288; baseline -0.002 -26"><span class='ocrx_word' id='word_1_198' title='bbox 216 2199 286 2282; x_wconf 88' lang='lat' dir='ltr'>quis</span> <span class='ocrx_word' id='word_1_199' title='bbox 296 2202 329 2264; x_wconf 88' lang='lat' dir='ltr'>in</span> <span class='ocrx_word' id='word_1_200' title='bbox 337 2202 499 2286; x_wconf 83' lang='lat' dir='ltr'>rapacitate</span> <span class='ocrx_word' id='word_1_201' title='bbox 513 2199 651 2266; x_wconf 80' lang='lat' dir='ltr'>avarior?</span> <span class='ocrx_word' id='word_1_202' title='bbox 675 2203 744 2285; x_wconf 78' lang='lat' dir='ltr'>quia</span> <span class='ocrx_word' id='word_1_203' title='bbox 768 2200 801 2265; x_wconf 92' lang='lat' dir='ltr'>in</span> <span class='ocrx_word' id='word_1_204' title='bbox 822 2200 981 2288; x_wconf 78' lang='lat' dir='ltr'>largitione</span> <span class='ocrx_word' id='word_1_205' title='bbox 999 2195 1145 2264; x_wconf 68' lang='lat' dir='ltr'>effusior?</span> <span class='ocrx_word' id='word_1_206' title='bbox 1168 2197 1225 2260; x_wconf 87' lang='lat' dir='ltr'>llla</span> <span class='ocrx_word' id='word_1_207' title='bbox 1245 2218 1331 2274; x_wconf 85' lang='lat' dir='ltr'>reru,</span> 
     </span>
    </p>

    <p class='ocr_par' dir='ltr' id='par_1_4' title="bbox 216 2285 1328 2374">
     <span class='ocr_line' id='line_1_24' title="bbox 216 2285 1328 2374; baseline -0.004 -22"><span class='ocrx_word' id='word_1_208' title='bbox 216 2285 234 2352; x_wconf 89' lang='lat' dir='ltr'>J</span> <span class='ocrx_word' id='word_1_209' title='bbox 238 2287 352 2366; x_wconf 84' lang='lat' dir='ltr'>udices,</span> <span class='ocrx_word' id='word_1_210' title='bbox 374 2290 406 2352; x_wconf 90' lang='lat' dir='ltr'>in</span> <span class='ocrx_word' id='word_1_211' title='bbox 417 2290 469 2352; x_wconf 93' lang='lat' dir='ltr'>illo</span> <span class='ocrx_word' id='word_1_212' title='bbox 490 2289 614 2354; x_wconf 87' lang='lat' dir='ltr'>homine</span> <span class='ocrx_word' id='word_1_213' title='bbox 625 2289 774 2354; x_wconf 88' lang='lat' dir='ltr'>mirabilia</span> <span class='ocrx_word' id='word_1_214' title='bbox 787 2289 924 2367; x_wconf 87' lang='lat' dir='ltr'>fuerunt,</span> <span class='ocrx_word' id='word_1_215' title='bbox 939 2287 1197 2374; x_wconf 82' lang='lat' dir='ltr'>comprehendere</span> <span class='ocrx_word' id='word_1_216' title='bbox 1211 2285 1328 2348; x_wconf 84' lang='lat' dir='ltr'>multos</span> 
     </span>
    </p>

    <p class='ocr_par' dir='ltr' id='par_1_5' title="bbox 87 2375 1331 3603">
     <span class='ocr_line' id='line_1_25' title="bbox 87 2375 1327 2463; baseline -0.002 -22"><span class='ocrx_word' id='word_1_217' title='bbox 87 2420 91 2426; x_wconf 93' lang='lat'>-</span> <span class='ocrx_word' id='word_1_218' title='bbox 217 2375 360 2456; x_wconf 82' lang='lat' dir='ltr'>amicitia,</span> <span class='ocrx_word' id='word_1_219' title='bbox 394 2379 474 2444; x_wconf 88' lang='lat' dir='ltr'>tueri</span> <span class='ocrx_word' id='word_1_220' title='bbox 502 2377 658 2463; x_wconf 88' lang='lat' dir='ltr'>obsequio,</span> <span class='ocrx_word' id='word_1_221' title='bbox 689 2398 761 2443; x_wconf 81' lang='lat' dir='ltr'>cum</span> <span class='ocrx_word' id='word_1_222' title='bbox 802 2377 945 2445; x_wconf 83' lang='lat' dir='ltr'>omnibus</span> <span class='ocrx_word' id='word_1_223' title='bbox 977 2375 1204 2442; x_wconf 80' lang='lat' dir='ltr'>communicare</span> <span class='ocrx_word' id='word_1_224' title='bbox 1242 2375 1327 2458; x_wconf 87' lang='lat' dir='ltr'>quod</span> 
     </span>
     <span class='ocr_line' id='line_1_26' title="bbox 173 2461 1325 2553; baseline -0.005 -22"><span class='ocrx_word' id='word_1_225' title='bbox 173 2464 360 2542; x_wconf 68' lang='lat' dir='ltr'>lambebat,</span> <span class='ocrx_word' id='word_1_226' title='bbox 384 2470 391 2517; x_wconf 78' lang='lat' dir='ltr'>i</span> <span class='ocrx_word' id='word_1_227' title='bbox 412 2467 520 2531; x_wconf 82' lang='lat' dir='ltr'>fervire</span> <span class='ocrx_word' id='word_1_228' title='bbox 535 2467 724 2553; x_wconf 80' lang='lat' dir='ltr'>temporibus</span> <span class='ocrx_word' id='word_1_229' title='bbox 737 2467 860 2531; x_wconf 87' lang='lat' dir='ltr'>suorum</span> <span class='ocrx_word' id='word_1_230' title='bbox 877 2466 1030 2544; x_wconf 85' lang='lat' dir='ltr'>omnium,</span> <span class='ocrx_word' id='word_1_231' title='bbox 1051 2464 1192 2551; x_wconf 65' lang='lat' dir='ltr'>pecunia</span> <span class='ocrx_word' id='word_1_232' title='bbox 1211 2461 1325 2548; x_wconf 76' lang='lat' dir='ltr'>gratii,</span> 
     </span>
     <span class='ocr_line' id='line_1_27' title="bbox 215 2550 1327 2641; baseline -0.002 -26"><span class='ocrx_word' id='word_1_233' title='bbox 215 2553 320 2619; x_wconf 82' lang='lat' dir='ltr'>labore</span> <span class='ocrx_word' id='word_1_234' title='bbox 338 2555 484 2640; x_wconf 84' lang='lat' dir='ltr'>corporis,</span> <span class='ocrx_word' id='word_1_235' title='bbox 506 2554 616 2621; x_wconf 85' lang='lat' dir='ltr'>scelere</span> <span class='ocrx_word' id='word_1_236' title='bbox 640 2556 744 2634; x_wconf 85' lang='lat' dir='ltr'>etiam,</span> <span class='ocrx_word' id='word_1_237' title='bbox 767 2554 880 2641; x_wconf 84' lang='lat' dir='ltr'>fiopus</span> <span class='ocrx_word' id='word_1_238' title='bbox 894 2555 975 2631; x_wconf 70' lang='lat' dir='ltr'>edet,</span> <span class='ocrx_word' id='word_1_239' title='bbox 1000 2556 1031 2618; x_wconf 79' lang='lat' dir='ltr'>dc</span> <span class='ocrx_word' id='word_1_240' title='bbox 1057 2550 1201 2617; x_wconf 66' lang='lat' dir='ltr'>andacia:</span> <span class='ocrx_word' id='word_1_241' title='bbox 1223 2555 1327 2613; x_wconf 58' lang='lat' dir='ltr'>krere</span> 
     </span>
     <span class='ocr_line' id='line_1_28' title="bbox 216 2637 1327 2731; baseline -0.002 -28"><span class='ocrx_word' id='word_1_242' title='bbox 216 2640 279 2705; x_wconf 91' lang='lat' dir='ltr'>fare</span> <span class='ocrx_word' id='word_1_243' title='bbox 294 2641 378 2707; x_wconf 90' lang='lat' dir='ltr'>fuam</span> <span class='ocrx_word' id='word_1_244' title='bbox 390 2660 539 2721; x_wconf 68' lang='lat' dir='ltr'>naturam,</span> <span class='ocrx_word' id='word_1_245' title='bbox 564 2648 596 2708; x_wconf 91' lang='lat'>&amp;</span> <span class='ocrx_word' id='word_1_246' title='bbox 611 2664 716 2731; x_wconf 83' lang='lat' dir='ltr'>regere</span> <span class='ocrx_word' id='word_1_247' title='bbox 738 2644 777 2707; x_wconf 89' lang='lat' dir='ltr'>ad</span> <span class='ocrx_word' id='word_1_248' title='bbox 787 2660 919 2729; x_wconf 81' lang='lat' dir='ltr'>tempus,</span> <span class='ocrx_word' id='word_1_249' title='bbox 941 2656 1033 2726; x_wconf 83' lang='lat' dir='ltr'>atque</span> <span class='ocrx_word' id='word_1_250' title='bbox 1047 2640 1110 2705; x_wconf 86' lang='lat' dir='ltr'>huc</span> <span class='ocrx_word' id='word_1_251' title='bbox 1125 2644 1156 2705; x_wconf 75' lang='lat' dir='ltr'>dr</span> <span class='ocrx_word' id='word_1_252' title='bbox 1173 2637 1248 2703; x_wconf 89' lang='lat' dir='ltr'>illuc</span> <span class='ocrx_word' id='word_1_253' title='bbox 1262 2651 1327 2701; x_wconf 88' lang='lat' dir='ltr'>tor·</span> 
     </span>
     <span class='ocr_line' id='line_1_29' title="bbox 216 2726 1331 2811; baseline -0.005 -18"><span class='ocrx_word' id='word_1_254' title='bbox 216 2750 310 2811; x_wconf 75' lang='lat' dir='ltr'>quara</span> <span class='ocrx_word' id='word_1_255' title='bbox 326 2736 357 2795; x_wconf 79' lang='grc' dir='ltr'>δι</span> <span class='ocrx_word' id='word_1_256' title='bbox 385 2730 521 2797; x_wconf 75' lang='lat' dir='ltr'>lettere:</span> <span class='ocrx_word' id='word_1_257' title='bbox 549 2750 621 2795; x_wconf 83' lang='lat' dir='ltr'>cum</span> <span class='ocrx_word' id='word_1_258' title='bbox 649 2731 784 2795; x_wconf 85' lang='lat' dir='ltr'>tristibus</span> <span class='ocrx_word' id='word_1_259' title='bbox 804 2732 916 2811; x_wconf 70' lang='lat' dir='ltr'>feceri,</span> <span class='ocrx_word' id='word_1_260' title='bbox 933 2751 1008 2795; x_wconf 88' lang='lat' dir='ltr'>cum</span> <span class='ocrx_word' id='word_1_261' title='bbox 1031 2728 1156 2793; x_wconf 77' lang='lat' dir='ltr'>remidio</span> <span class='ocrx_word' id='word_1_262' title='bbox 1178 2726 1331 2811; x_wconf 66' lang='lat' dir='ltr'>jucundi,</span> 
     </span>
     <span class='ocr_line' id='line_1_30' title="bbox 216 2814 1327 2904; baseline 0.001 -28"><span class='ocrx_word' id='word_1_263' title='bbox 216 2834 289 2877; x_wconf 86' lang='lat' dir='ltr'>cum</span> <span class='ocrx_word' id='word_1_264' title='bbox 315 2816 435 2881; x_wconf 81' lang='lat' dir='ltr'>senibus</span> <span class='ocrx_word' id='word_1_265' title='bbox 459 2819 599 2903; x_wconf 78' lang='lat' dir='ltr'>graviter,</span> <span class='ocrx_word' id='word_1_266' title='bbox 621 2840 693 2883; x_wconf 90' lang='lat' dir='ltr'>cum</span> <span class='ocrx_word' id='word_1_267' title='bbox 713 2820 874 2904; x_wconf 86' lang='lat' dir='ltr'>juventute</span> <span class='ocrx_word' id='word_1_268' title='bbox 889 2819 1027 2895; x_wconf 86' lang='lat' dir='ltr'>comiter,</span> <span class='ocrx_word' id='word_1_269' title='bbox 1053 2838 1126 2882; x_wconf 89' lang='lat' dir='ltr'>cum</span> <span class='ocrx_word' id='word_1_270' title='bbox 1149 2814 1327 2878; x_wconf 77' lang='lat' dir='ltr'>facinorosus</span> 
     </span>
     <span class='ocr_line' id='line_1_31' title="bbox 173 2902 1328 2980; baseline 0.005 -17"><span class='ocrx_word' id='word_1_271' title='bbox 173 2902 375 2980; x_wconf 65' lang='lat' dir='ltr'>§oaudafien</span> <span class='ocrx_word' id='word_1_272' title='bbox 397 2926 468 2969; x_wconf 90' lang='lat' dir='ltr'>cum</span> <span class='ocrx_word' id='word_1_273' title='bbox 484 2905 646 2972; x_wconf 77' lang='lat' dir='ltr'>libidinosis</span> <span class='ocrx_word' id='word_1_274' title='bbox 668 2906 820 2973; x_wconf 77' lang='lat' dir='ltr'>luxuriose</span> <span class='ocrx_word' id='word_1_275' title='bbox 845 2908 955 2972; x_wconf 84' lang='lat' dir='ltr'>vivere.</span> <span class='ocrx_word' id='word_1_276' title='bbox 976 2904 1069 2970; x_wconf 84' lang='lat' dir='ltr'>·Hac</span> <span class='ocrx_word' id='word_1_277' title='bbox 1092 2904 1143 2969; x_wconf 87' lang='lat' dir='ltr'>ille</span> <span class='ocrx_word' id='word_1_278' title='bbox 1165 2916 1230 2968; x_wconf 80' lang='lat' dir='ltr'>tam</span> <span class='ocrx_word' id='word_1_279' title='bbox 1245 2904 1328 2969; x_wconf 77' lang='lat' dir='ltr'>varia</span> 
     </span>
     <span class='ocr_line' id='line_1_32' title="bbox 215 2990 1328 3076; baseline 0.007 -26"><span class='ocrx_word' id='word_1_280' title='bbox 215 2990 439 3076; x_wconf 81' lang='lat' dir='ltr'>multiplicique</span> <span class='ocrx_word' id='word_1_281' title='bbox 467 2992 584 3070; x_wconf 68' lang='lat' dir='ltr'>namsi,</span> <span class='ocrx_word' id='word_1_282' title='bbox 606 3002 676 3059; x_wconf 82' lang='lat' dir='ltr'>edm</span> <span class='ocrx_word' id='word_1_283' title='bbox 702 3016 809 3059; x_wconf 85' lang='lat' dir='ltr'>omnes</span> <span class='ocrx_word' id='word_1_284' title='bbox 836 2993 980 3059; x_wconf 86' lang='lat' dir='ltr'>omnibus</span> <span class='ocrx_word' id='word_1_285' title='bbox 1001 3014 1039 3058; x_wconf 79' lang='lat' dir='ltr'>er</span> <span class='ocrx_word' id='word_1_286' title='bbox 1068 2990 1328 3058; x_wconf 64' lang='lat' dir='ltr'>teuthoniam</span> 
     </span>
     <span class='ocr_line' id='line_1_33' title="bbox 215 3074 1329 3169; baseline 0.005 -30"><span class='ocrx_word' id='word_1_287' title='bbox 215 3074 370 3163; x_wconf 84' lang='lat' dir='ltr'>improbos</span> <span class='ocrx_word' id='word_1_288' title='bbox 398 3079 585 3167; x_wconf 83' lang='lat' dir='ltr'>audacesque</span> <span class='ocrx_word' id='word_1_289' title='bbox 609 3084 785 3169; x_wconf 81' lang='lat' dir='ltr'>collegerat,</span> <span class='ocrx_word' id='word_1_290' title='bbox 807 3098 875 3147; x_wconf 87' lang='lat' dir='ltr'>tum</span> <span class='ocrx_word' id='word_1_291' title='bbox 898 3084 990 3148; x_wconf 62' lang='lat' dir='ltr'>mum</span> <span class='ocrx_word' id='word_1_292' title='bbox 1005 3082 1119 3147; x_wconf 83' lang='lat' dir='ltr'>multos</span> <span class='ocrx_word' id='word_1_293' title='bbox 1134 3080 1231 3145; x_wconf 83' lang='lat' dir='ltr'>fortes</span> <span class='ocrx_word' id='word_1_294' title='bbox 1243 3079 1329 3145; x_wconf 83' lang='lat' dir='ltr'>viros</span> 
     </span>
     <span class='ocr_line' id='line_1_34' title="bbox 217 3166 1330 3255; baseline 0.005 -27"><span class='ocrx_word' id='word_1_295' title='bbox 217 3167 248 3229; x_wconf 78' lang='grc' dir='ltr'>δι</span> <span class='ocrx_word' id='word_1_296' title='bbox 271 3166 379 3245; x_wconf 88' lang='lat' dir='ltr'>bonos,</span> <span class='ocrx_word' id='word_1_297' title='bbox 416 3168 513 3253; x_wconf 88' lang='lat' dir='ltr'>specie</span> <span class='ocrx_word' id='word_1_298' title='bbox 541 3168 672 3255; x_wconf 72' lang='lat' dir='ltr'>quidam</span> <span class='ocrx_word' id='word_1_299' title='bbox 701 3170 830 3235; x_wconf 80' lang='lat' dir='ltr'>virtutis</span> <span class='ocrx_word' id='word_1_300' title='bbox 845 3168 1030 3246; x_wconf 81' lang='lat' dir='ltr'>affimulatae,</span> <span class='ocrx_word' id='word_1_301' title='bbox 1055 3171 1193 3244; x_wconf 72' lang='lat' dir='ltr'>tenebata</span> <span class='ocrx_word' id='word_1_302' title='bbox 1223 3188 1330 3253; x_wconf 76' lang='lat' dir='ltr'>nequa</span> 
     </span>
     <span class='ocr_line' id='line_1_35' title="bbox 215 3255 1327 3346; baseline 0.004 -29"><span class='ocrx_word' id='word_1_303' title='bbox 215 3275 351 3339; x_wconf 89' lang='lat' dir='ltr'>unquam</span> <span class='ocrx_word' id='word_1_304' title='bbox 366 3276 404 3319; x_wconf 81' lang='lat' dir='ltr'>ex</span> <span class='ocrx_word' id='word_1_305' title='bbox 415 3256 467 3320; x_wconf 92' lang='lat' dir='ltr'>illo</span> <span class='ocrx_word' id='word_1_306' title='bbox 486 3258 607 3322; x_wconf 76' lang='lat' dir='ltr'>delendi</span> <span class='ocrx_word' id='word_1_307' title='bbox 634 3258 728 3345; x_wconf 89' lang='lat' dir='ltr'>hujus</span> <span class='ocrx_word' id='word_1_308' title='bbox 742 3259 862 3346; x_wconf 86' lang='lat' dir='ltr'>imperii</span> <span class='ocrx_word' id='word_1_309' title='bbox 875 3274 938 3322; x_wconf 90' lang='lat' dir='ltr'>tarn</span> <span class='ocrx_word' id='word_1_310' title='bbox 949 3258 1169 3325; x_wconf 83' lang='lat' dir='ltr'>consceleratus</span> <span class='ocrx_word' id='word_1_311' title='bbox 1189 3255 1327 3343; x_wconf 83' lang='lat' dir='ltr'>impetus</span> 
     </span>
     <span class='ocr_line' id='line_1_36' title="bbox 173 3344 1326 3432; baseline 0.004 -28"><span class='ocrx_word' id='word_1_312' title='bbox 173 3348 214 3405; x_wconf 75' lang='grc'>15</span> <span class='ocrx_word' id='word_1_313' title='bbox 220 3344 383 3422; x_wconf 76' lang='lat' dir='ltr'>exstitiffet,</span> <span class='ocrx_word' id='word_1_314' title='bbox 395 3344 448 3411; x_wconf 84' lang='lat' dir='ltr'>nifi</span> <span class='ocrx_word' id='word_1_315' title='bbox 458 3359 504 3410; x_wconf 90' lang='lat' dir='ltr'>tot</span> <span class='ocrx_word' id='word_1_316' title='bbox 514 3347 657 3411; x_wconf 90' lang='lat' dir='ltr'>vitiorum</span> <span class='ocrx_word' id='word_1_317' title='bbox 672 3362 756 3412; x_wconf 87' lang='lat' dir='ltr'>tanta</span> <span class='ocrx_word' id='word_1_318' title='bbox 770 3348 943 3412; x_wconf 81' lang='lat' dir='ltr'>immanitas</span> <span class='ocrx_word' id='word_1_319' title='bbox 962 3344 1144 3432; x_wconf 89' lang='lat' dir='ltr'>quibusdam</span> <span class='ocrx_word' id='word_1_320' title='bbox 1164 3344 1326 3409; x_wconf 74' lang='lat' dir='ltr'>facilitatis</span> 
     </span>
     <span class='ocr_line' id='line_1_37' title="bbox 178 3432 1328 3523; baseline 0 -26"><span class='ocrx_word' id='word_1_321' title='bbox 178 3438 180 3445; x_wconf 82' lang='grc'>’</span> <span class='ocrx_word' id='word_1_322' title='bbox 217 3436 248 3497; x_wconf 84' lang='lat'>&amp;</span> <span class='ocrx_word' id='word_1_323' title='bbox 274 3434 427 3516; x_wconf 72' lang='lat' dir='ltr'>patientiae</span> <span class='ocrx_word' id='word_1_324' title='bbox 449 3432 600 3501; x_wconf 81' lang='lat' dir='ltr'>radicibus</span> <span class='ocrx_word' id='word_1_325' title='bbox 624 3436 782 3499; x_wconf 86' lang='lat' dir='ltr'>niteretur.</span> <span class='ocrx_word' id='word_1_326' title='bbox 825 3436 932 3523; x_wconf 79' lang='lat' dir='ltr'>Quare</span> <span class='ocrx_word' id='word_1_327' title='bbox 950 3434 1006 3501; x_wconf 82' lang='lat' dir='ltr'>ista</span> <span class='ocrx_word' id='word_1_328' title='bbox 1024 3434 1171 3513; x_wconf 84' lang='lat' dir='ltr'>conditio,</span> <span class='ocrx_word' id='word_1_329' title='bbox 1185 3432 1328 3511; x_wconf 82' lang='lat' dir='ltr'>Iudices,</span> 
     </span>
     <span class='ocr_line' id='line_1_38' title="bbox 216 3519 1327 3603; baseline 0.005 -23"><span class='ocrx_word' id='word_1_330' title='bbox 216 3519 389 3603; x_wconf 87' lang='lat' dir='ltr'>respuatur:</span> <span class='ocrx_word' id='word_1_331' title='bbox 403 3543 460 3585; x_wconf 89' lang='lat' dir='ltr'>nec</span> <span class='ocrx_word' id='word_1_332' title='bbox 486 3522 626 3589; x_wconf 85' lang='lat' dir='ltr'>Catilinae</span> <span class='ocrx_word' id='word_1_333' title='bbox 651 3523 864 3589; x_wconf 81' lang='lat' dir='ltr'>familiaritatis</span> <span class='ocrx_word' id='word_1_334' title='bbox 889 3524 1005 3588; x_wconf 88' lang='lat' dir='ltr'>crimen</span> <span class='ocrx_word' id='word_1_335' title='bbox 1019 3524 1145 3588; x_wconf 78' lang='lat' dir='ltr'>haereat:</span> <span class='ocrx_word' id='word_1_336' title='bbox 1171 3520 1327 3586; x_wconf 80' lang='lat' dir='ltr'>etenim</span> 
     </span>
    </p>

    <p class='ocr_par' dir='ltr' id='par_1_6' title="bbox 176 3608 1327 3785">
     <span class='ocr_line' id='line_1_39' title="bbox 176 3608 1327 3701; baseline 0.006 -35"><span class='ocrx_word' id='word_1_337' title='bbox 176 3616 178 3620; x_wconf 81' lang='grc'>’</span> <span class='ocrx_word' id='word_1_338' title='bbox 214 3626 379 3701; x_wconf 84' lang='lat' dir='ltr'>commune</span> <span class='ocrx_word' id='word_1_339' title='bbox 404 3629 476 3673; x_wconf 89' lang='lat' dir='ltr'>cum</span> <span class='ocrx_word' id='word_1_340' title='bbox 491 3612 606 3689; x_wconf 86' lang='lat' dir='ltr'>multis,</span> <span class='ocrx_word' id='word_1_341' title='bbox 628 3632 700 3677; x_wconf 80' lang='lat' dir='ltr'>curn</span> <span class='ocrx_word' id='word_1_342' title='bbox 723 3610 904 3695; x_wconf 87' lang='lat' dir='ltr'>quibusdam</span> <span class='ocrx_word' id='word_1_343' title='bbox 928 3612 1021 3678; x_wconf 86' lang='lat' dir='ltr'>etiam</span> <span class='ocrx_word' id='word_1_344' title='bbox 1041 3610 1141 3675; x_wconf 87' lang='lat' dir='ltr'>bonis.</span> <span class='ocrx_word' id='word_1_345' title='bbox 1185 3609 1242 3674; x_wconf 86' lang='lat' dir='ltr'>Me</span> <span class='ocrx_word' id='word_1_346' title='bbox 1275 3608 1327 3695; x_wconf 62' lang='lat'>595</span> 
     </span>
     <span class='ocr_line' id='line_1_40' title="bbox 213 3692 1327 3785; baseline -0.005 -21"><span class='ocrx_word' id='word_1_347' title='bbox 213 3692 296 3771; x_wconf 75' lang='lat' dir='ltr'>sum,</span> <span class='ocrx_word' id='word_1_348' title='bbox 314 3716 376 3772; x_wconf 83' lang='lat' dir='ltr'>mc,</span> <span class='ocrx_word' id='word_1_349' title='bbox 397 3696 535 3783; x_wconf 86' lang='lat' dir='ltr'>inquam,</span> <span class='ocrx_word' id='word_1_350' title='bbox 556 3701 712 3783; x_wconf 89' lang='lat' dir='ltr'>quondam</span> <span class='ocrx_word' id='word_1_351' title='bbox 726 3706 803 3785; x_wconf 75' lang='lat' dir='ltr'>pene</span> <span class='ocrx_word' id='word_1_352' title='bbox 817 3700 869 3763; x_wconf 86' lang='lat' dir='ltr'>ille</span> <span class='ocrx_word' id='word_1_353' title='bbox 881 3700 939 3764; x_wconf 84' lang='lat' dir='ltr'>dec</span> <span class='ocrx_word' id='word_1_354' title='bbox 979 3702 1017 3763; x_wconf 82' lang='lat' dir='ltr'>it:</span> <span class='ocrx_word' id='word_1_355' title='bbox 1041 3698 1114 3764; x_wconf 76' lang='lat' dir='ltr'>ciam</span> <span class='ocrx_word' id='word_1_356' title='bbox 1126 3704 1162 3764; x_wconf 79' lang='lat' dir='ltr'>dc</span> <span class='ocrx_word' id='word_1_357' title='bbox 1174 3697 1250 3763; x_wconf 78' lang='lat' dir='ltr'>ciris</span> <span class='ocrx_word' id='word_1_358' title='bbox 1262 3698 1327 3759; x_wconf 81' lang='lat' dir='ltr'>rni-</span> 
     </span>
    </p>
   </div>
   <div class='ocr_carea' id='block_1_3' title="bbox 171 3777 1330 4155">
    <p class='ocr_par' dir='ltr' id='par_1_7' title="bbox 171 3777 1327 3874">
     <span class='ocr_line' id='line_1_41' title="bbox 171 3777 1327 3874; baseline 0.007 -31"><span class='ocrx_word' id='word_1_359' title='bbox 171 3779 250 3844; x_wconf 77' lang='lat' dir='ltr'>cohi</span> <span class='ocrx_word' id='word_1_360' title='bbox 267 3780 377 3860; x_wconf 67' lang='lat' dir='ltr'>bonna</span> <span class='ocrx_word' id='word_1_361' title='bbox 408 3788 439 3849; x_wconf 69' lang='lat' dir='ltr'>a</span> <span class='ocrx_word' id='word_1_362' title='bbox 462 3777 569 3870; x_wconf 87' lang='lat' dir='ltr'>optimi</span> <span class='ocrx_word' id='word_1_363' title='bbox 584 3786 731 3874; x_wconf 82' lang='lat' dir='ltr'>cujusque</span> <span class='ocrx_word' id='word_1_364' title='bbox 745 3788 885 3872; x_wconf 85' lang='lat' dir='ltr'>cupidus,</span> <span class='ocrx_word' id='word_1_365' title='bbox 902 3792 933 3853; x_wconf 69' lang='grc' dir='ltr'>ἃ</span> <span class='ocrx_word' id='word_1_366' title='bbox 971 3808 1056 3853; x_wconf 88' lang='lat' dir='ltr'>rmus</span> <span class='ocrx_word' id='word_1_367' title='bbox 1067 3787 1184 3851; x_wconf 87' lang='lat' dir='ltr'>amicus</span> <span class='ocrx_word' id='word_1_368' title='bbox 1197 3808 1233 3851; x_wconf 84' lang='lat' dir='ltr'>ac</span> <span class='ocrx_word' id='word_1_369' title='bbox 1246 3781 1327 3851; x_wconf 86' lang='lat' dir='ltr'>fide-</span> 
     </span>
    </p>

    <p class='ocr_par' dir='ltr' id='par_1_8' title="bbox 257 3891 1330 3987">
     <span class='ocr_line' id='line_1_42' title="bbox 257 3891 1330 3987; baseline 0.005 -33"><span class='ocrx_word' id='word_1_370' title='bbox 257 3910 272 3943; x_wconf 58' lang='grc' dir='ltr'>θ</span> <span class='ocrx_word' id='word_1_371' title='bbox 287 3891 429 3980; x_wconf 73' lang='lat' dir='ltr'>disciplina</span> <span class='ocrx_word' id='word_1_372' title='bbox 438 3895 580 3957; x_wconf 68' lang='lat' dir='ltr'>militatis.</span> <span class='ocrx_word' id='word_1_373' title='bbox 592 3902 607 3947; x_wconf 80' lang='lat' dir='ltr'>b</span> <span class='ocrx_word' id='word_1_374' title='bbox 617 3898 754 3979; x_wconf 76' lang='lat' dir='ltr'>probitate</span> <span class='ocrx_word' id='word_1_375' title='bbox 761 3910 898 3960; x_wconf 66' lang='lat' dir='ltr'>suturae</span> <span class='ocrx_word' id='word_1_376' title='bbox 904 3896 1071 3987; x_wconf 53' lang='grc' dir='ltr'>[Νομᾶ</span> <span class='ocrx_word' id='word_1_377' title='bbox 1084 3896 1330 3985; x_wconf 64' lang='lat' dir='ltr'>gmntfot&#39;sufius</span> 
     </span>
    </p>

    <p class='ocr_par' dir='ltr' id='par_1_9' title="bbox 213 3980 1326 4155">
     <span class='ocr_line' id='line_1_43' title="bbox 213 3980 1326 4081; baseline 0.004 -39"><span class='ocrx_word' id='word_1_378' title='bbox 213 3980 281 4081; x_wconf 65' lang='lat' dir='ltr'>effer.</span> <span class='ocrx_word' id='word_1_379' title='bbox 307 3998 321 4031; x_wconf 87' lang='lat' dir='ltr'>e</span> <span class='ocrx_word' id='word_1_380' title='bbox 337 3980 487 4045; x_wconf 77' lang='lat' dir='ltr'>declarata.</span> <span class='ocrx_word' id='word_1_381' title='bbox 511 3980 606 4069; x_wconf 68' lang='lat' dir='ltr'>ffitia.</span> <span class='ocrx_word' id='word_1_382' title='bbox 639 3986 714 4074; x_wconf 69' lang='lat' dir='ltr'>aqui</span> <span class='ocrx_word' id='word_1_383' title='bbox 730 3986 827 4068; x_wconf 78' lang='lat' dir='ltr'>plures</span> <span class='ocrx_word' id='word_1_384' title='bbox 840 3986 917 4051; x_wconf 84' lang='lat' dir='ltr'>bonos</span> <span class='ocrx_word' id='word_1_385' title='bbox 929 3986 1178 4077; x_wconf 75' lang='lat' dir='ltr'>habuitflcarores.</span> <span class='ocrx_word' id='word_1_386' title='bbox 1205 3990 1223 4037; x_wconf 74' lang='lat' dir='ltr'>h</span> <span class='ocrx_word' id='word_1_387' title='bbox 1231 3988 1326 4072; x_wconf 52' lang='grc' dir='ltr'>ᾖον.</span> 
     </span>
     <span class='ocr_line' id='line_1_44' title="bbox 213 4068 863 4155; baseline 0.006 -22"><span class='ocrx_word' id='word_1_388' title='bbox 213 4068 665 4155; x_wconf 75' lang='lat' dir='ltr'>¹subvmirepm&#39;cala&#39;somnium.</span> <span class='ocrx_word' id='word_1_389' title='bbox 709 4076 863 4137; x_wconf 76' lang='lat' dir='ltr'>kmutare.</span> 
     </span>
    </p>
   </div>
   <div class='ocr_carea' id='block_1_4' title="bbox 169 4172 1329 4378">
    <p class='ocr_par' dir='ltr' id='par_1_10' title="bbox 169 4172 1329 4378">
     <span class='ocr_line' id='line_1_45' title="bbox 202 4172 1329 4251; baseline 0.005 -25"><span class='ocrx_word' id='word_1_390' title='bbox 202 4182 241 4227; x_wconf 78' lang='lat' dir='ltr'>ir.</span> <span class='ocrx_word' id='word_1_391' title='bbox 260 4178 490 4241; x_wconf 61' lang='lat' dir='ltr'>numeratae]</span> <span class='ocrx_word' id='word_1_392' title='bbox 508 4172 731 4245; x_wconf 66' lang='lat' dir='ltr'>amaricatione,</span> <span class='ocrx_word' id='word_1_393' title='bbox 763 4183 897 4248; x_wconf 59' lang='lat' dir='ltr'>aquatam</span> <span class='ocrx_word' id='word_1_394' title='bbox 916 4184 1236 4251; x_wconf 53' lang='lat' dir='ltr'>neomeniarumque</span> <span class='ocrx_word' id='word_1_395' title='bbox 1252 4194 1329 4247; x_wconf 67' lang='lat' dir='ltr'>aepa-</span> 
     </span>
     <span class='ocr_line' id='line_1_46' title="bbox 169 4246 1327 4319; baseline 0.009 -29"><span class='ocrx_word' id='word_1_396' title='bbox 169 4246 493 4319; x_wconf 81' lang='lat' dir='ltr'>cumseoundoqonaulatam</span> <span class='ocrx_word' id='word_1_397' title='bbox 501 4249 594 4308; x_wconf 71' lang='lat' dir='ltr'>petivit.</span> <span class='ocrx_word' id='word_1_398' title='bbox 764 4250 838 4307; x_wconf 79' lang='lat' dir='ltr'>diam,</span> <span class='ocrx_word' id='word_1_399' title='bbox 851 4253 1327 4316; x_wconf 66' lang='lat' dir='ltr'>&amp;qmsieumapumpercuutcmptufl</span> 
     </span>
     <span class='ocr_line' id='line_1_47' title="bbox 201 4309 1024 4378; baseline 0.015 -23"><span class='ocrx_word' id='word_1_400' title='bbox 201 4309 242 4358; x_wconf 76' lang='lat'>56.</span> <span class='ocrx_word' id='word_1_401' title='bbox 264 4309 370 4361; x_wconf 62' lang='lat' dir='ltr'>Condito</span> <span class='ocrx_word' id='word_1_402' title='bbox 389 4310 529 4378; x_wconf 62' lang='lat' dir='ltr'>respiratum]</span> <span class='ocrx_word' id='word_1_403' title='bbox 563 4315 614 4363; x_wconf 75' lang='lat' dir='ltr'>lala</span> <span class='ocrx_word' id='word_1_404' title='bbox 630 4313 734 4378; x_wconf 82' lang='lat' dir='ltr'>objectio</span> <span class='ocrx_word' id='word_1_405' title='bbox 764 4316 871 4378; x_wconf 77' lang='lat' dir='ltr'>rejicere.</span> <span class='ocrx_word' id='word_1_406' title='bbox 1019 4314 1024 4323; x_wconf 80' lang='lat'>&#39;</span> 
     </span>
    </p>
   </div>
   <div class='ocr_carea' id='block_1_5' title="bbox 0 0 1418 4775">
    <p class='ocr_par' dir='ltr' id='par_1_11' title="bbox 0 0 1418 4775">
     <span class='ocr_line' id='line_1_48' title="bbox 0 0 1418 4775; baseline 0 0"><span class='ocrx_word' id='word_1_407' title='bbox 0 0 1418 4775; x_wconf 95' lang='lat' dir='ltr'> </span> 
     </span>
    </p>
   </div>
  </div>
 </body>
</html>
