2825 4775
185 252 227 309 to
518 242 566 305 M.
588 239 741 308 TULLII
763 236 995 308 CICERONIS

185 375 391 462 30'prosugil‘se
410 374 538 439 dicitur:
560 394 651 457 quam
675 374 838 458 praedicant
860 375 892 437 in
917 372 991 460 lugd
1007 373 1113 447 ¹fratris
1126 372 1171 437 sui
1185 364 1315 440 membra

229 464 311 527 iniis
326 462 444 538 locis,·e
453 484 512 545 qua
526 460 556 524 se
573 482 680 545 parens
694 460 932 546 persequeretur,
941 500 945 509 ·
954 461 1137 546 dillipaviffe,
1161 476 1194 525 ut
1213 484 1314 527 eorum

227 550 368 613 colletlio
382 548 520 635 dispersa,
545 570 719 631 moerorque
733 550 847 632 patrius
857 551 1039 613 celeritatem
1062 550 1315 635 persequendire-

226 639 377 713 tardaret3
404 638 442 699 stc
457 636 649 699 Mithridates
673 636 795 721 fugiens
819 640 981 700 maximam
1005 637 1068 699 sim
1089 638 1259 720 auriatque
1273 658 1316 700 ar-

227 725 322 810 genti,
345 725 675 809 pulchenimarumque
689 745 792 786 rerum
806 724 955 803 omnium,
970 746 1044 809 quas
1060 732 1076 787 *a
1090 724 1260 809 Majoribus
1270 746 1316 787 ac·

186 820 361 898 85ceperat,
373 816 404 877 δι
415 812 476 897 ipse
490 811 569 875 bello
583 810 734 895 superiore
748 834 786 874 ex
802 819 866 875 tott
884 814 954 877 Atia
963 814 1094 896 direptas
1107 812 1141 875 in
1154 812 1242 875 suum
1252 834 1317 897 reg·

228 920 304 962 num
319 900 511 984 congellerat,
533 900 565 961 in
579 899 678 963 Ponto
692 920 817 962 omnem
831 901 966 982 reliquit,
988 900 1054 963 haec
1064 902 1139 963 dum
1154 900 1246 963 nollri
1255 902 1318 971 col·¹
1357 934 1361 949 ·

227 989 327 1073 ligunt
340 988 442 1050 omnia
455 988 637 1072 diligentius,
664 986 734 1049 Rex
748 984 836 1071 ipsee
847 987 986 1050 manibus
993 988 1114 1072 effugit3
1137 988 1178 1049 ita
1187 989 1273 1051 illum
1287 987 1318 1049 in

227 1075 425 1160 persequendi
439 1075 537 1141 studio
552 1094 676 1150 moeror,
697 1074 754 1138 hos
778 1074 881 1138 laetitia
895 1076 1064 1139 retardarit.
1108 1074 1203 1137 Hunc
1222 1075 1254 1137 in
1266 1076 1321 1136 illo

183 1188 187 1199 ·
226 1170 335 1225 timore
359 1168 389 1227 δι
405 1162 477 1248 fugt
490 1163 638 1247 Tigranes
652 1183 704 1225 rex
721 1163 886 1225 Armenius
911 1164 1048 1247 excepit3
1071 1162 1320 1247 diffidentemque

184 1251 320 1315 lorebus
334 1251 394 1314 suis
403 1250 602 1325 confirmavit,
625 1250 773 1313 afflitlum
793 1250 898 1325 erexit,
920 1251 1132 1334 perditumque
1153 1250 1318 1325 recreavit,

228 1340 315 1423 cujus
341 1340 372 1399 in
387 1358 515 1423 regnum
540 1336 735 1420 posteaquam
749 1338 786 1399 L.
813 1339 960 1401 Lucullus
985 1358 1056 1401 cum
1080 1338 1213 1401 exercitu
1227 1338 1321 1413 venit,

227 1428 328 1509 plures
341 1424 432 1487 etiam
448 1437 552 1508 gentes
572 1438 674 1485 contra
689 1426 901 1507 imperatorem
915 1425 1051 1489 nostrum
1065 1426 1221 1490 concitatae
1240 1424 1320 1488 sunt.

186 1508 194 1531 ‘
227 1512 300 1573 Erat
314 1514 395 1573 enim
411 1526 510 1574 metus
524 1510 656 1595 injetlus
675 1510 712 1573 iis
726 1512 908 1589 nationibus,
931 1536 1006 1596 quas
1020 1534 1176 1597 nunquam
1191 1514 1322 1597 populus

228 1598 388 1661 Romanus
403 1620 502 1682 neque
516 1598 694 1661 laceffendas
704 1597 795 1673 bello,
810 1620 910 1681 neque
924 1603 1082 1663 tentandas
1092 1601 1217 1685 putavit.
1249 1600 1322 1662 Erat

186 1686 321 1751 45etiam
333 1686 389 1749 alia
404 1687 511 1771 gravis,
534 1700 623 1766 atque
644 1684 806 1747 vehemens
820 1688 934 1769 opinio,
956 1709 1025 1768 quae
1044 1708 1099 1771 por
1112 1689 1228 1751 animos
1247 1709 1323 1771 gen-

228 1772 304 1836 tium
329 1773 520 1836 barbararum
543 1771 719 1855 pervaserat,
741 1770 804 1832 fani
829 1772 1048 1855 locupletilhmi
1072 1778 1102 1836 a
1118 1775 1325 1858 religiosrffimi

228 1859 393 1944 diripiendi.
410 1867 509 1935 causi,
530 1860 561 1920 in
577 1880 627 1922 eas
641 1880 709 1921 oras
732 1857 867 1921 nostrum
882 1859 1047 1922 exercitum
1069 1862 1127 1925 else
1141 1860 1323 1925 addudum.

228 1947 273 2008 Ita
285 1948 419 2011 nationes
434 1950 550 2023 multae,
573 1960 664 2029 atque
681 1966 799 2029 magnae
818 1968 896 2009 novo
917 1947 1048 2029 quodam
1062 1962 1185 2022 terrore,
1207 1968 1241 2010 ac
1256 1970 1328 2011 me-

232 2048 266 2097 tu
281 2035 517 2098 concitabantur.
562 2032 673 2095 Noster
688 2048 791 2096 autem
804 2034 964 2110 exercitus,
974 2034 1025 2097 etsi
1041 2034 1148 2098 urbem
1162 2056 1199 2096 ex
1212 2034 1327 2121 Tigra·

187 2123 280 2185 donis
305 2144 399 2208 regno
414 2136 543 2207 ceperat,
568 2126 597 2185 tt
620 2122 730 2204 praeliis
756 2121 825 2183 usus
847 2136 910 2184 erat
935 2121 1082 2199 secundis,
1104 2136 1206 2184 tamen
1228 2122 1327 2186 nimiis

229 2210 449 2294 longinquitate
482 2211 629 2283 locorum,
666 2230 700 2272 ac
734 2208 878 2273 desiderio
907 2209 1029 2272 suorum
1065 2209 1327 2273 commovebatur.

227 2296 290 2361 Hic
313 2299 377 2383 jam
402 2300 488 2385 plura
513 2318 575 2360 non
589 2297 697 2358 dicam.
742 2296 813 2364 Fuit
836 2296 917 2359 enim
932 2298 1007 2360 illud
1033 2312 1213 2374 extremum,
1235 2311 1271 2360 ut
1286 2320 1327 2361 ex

229 2384 265 2448 irs
289 2384 362 2449 locis
390 2393 406 2448 ‘a
431 2384 576 2448 militibus
596 2383 703 2448 nostris
724 2384 838 2447 reditus
863 2385 959 2471 magis
978 2401 1124 2462 maturus,
1147 2407 1238 2470 quam
1252 2407 1328 2470 pro-

228 2471 316 2537 ceffio
331 2475 449 2560 longior
470 2487 665 2558 quaereretur.
709 2471 902 2536 Mithridates
923 2490 1026 2537 autem
1043 2478 1072 2538 δε
1089 2473 1173 2538 suam
1196 2495 1327 2537 manum

154 2613 160 2622 .
191 2561 298 2646 sajam
312 2559 515 2638 conlimitat,
539 2564 568 2626 ἃ
585 2582 701 2637 eorum,
717 2560 770 2642 qui
784 2559 814 2623 le
828 2582 865 2623 ex
879 2563 946 2648 ejus
959 2583 1053 2648 regno
1064 2565 1078 2612 f
1084 2563 1278 2646 collegerant,
1297 2565 1328 2624 81

460 2754 473 2786 θ
487 2754 539 2820 per
551 2760 609 2819 quae
622 2737 688 2798 loco.
787 2741 1050 2825 scorrgregouerant.

218 2915 256 2959 38,
276 2911 313 2958 sic
328 2910 494 2970 Mslrnmes]
527 2913 666 2972 Similitudo,
682 2929 739 2961 nam
770 2917 833 2964 lianc
847 2918 930 2964 urbem
947 2916 1092 2964 Mithridatis
1108 2915 1248 2976 &Tigranis
1258 2919 1330 2978 copi·

184 2975 246 3022 sicut
261 2977 350 3024 Medea
362 2983 464 3037 putrem,
482 2979 521 3024 sic⁴
533 2977 682 3024 Mithridates
693 2979 740 3024 Lu-
772 2993 806 3036 as,
825 2981 849 3026 in
859 2982 944 3042 quibus
957 2987 1026 3028 erant
1034 2984 1138 3028 ducenta
1154 2979 1330 3041 quinquaginta

185 3041 274 3088 cullum
281 3041 417 3098 retardavit,
436 3043 493 3088 dum
505 3043 626 3088 thesaurus
637 3041 686 3104 ejus
696 3056 741 3088 ex·
771 3044 888 3103 putum,
906 3046 928 3091 lc
943 3044 1225 3106 equitumqninquaginta
1239 3046 1328 3092 millia.

183 3105 266 3150 ercitui
276 3105 417 3166 diripiendos
424 3106 512 3168 objecit
527 3111 579 3166 post
600 3107 693 3152 cladem
711 3107 742 3152 ud
775 3107 885 3154 Lucullus
895 3124 967 3169 parvo
983 3123 1183 3156 strommuumcro
1195 3111 1329 3169 superavit.

186 3169 313 3228 Cyzicum,
333 3169 371 3215 ubi
386 3175 453 3216 tantu
470 3171 590 3216 horninurn
612 3185 738 3230 pecorum-
770 3171 827 3218 Post
845 3173 907 3219 hanc
923 3174 1024 3231 cladem,
1052 3172 1141 3219 duoilli
1159 3175 1236 3232 lloges
1251 3175 1331 3221 alium

184 3247 230 3292 que
241 3239 331 3293 strages
343 3233 494 3292 lectaest,ut
511 3235 628 3282 (ironicus
644 3237 667 3280 lt
678 3239 738 3282 Aso-
768 3240 884 3296 parlmnt
903 3239 1045 3294 exereitum,
1064 3237 1088 3283 in
1109 3251 1156 3298 quo
1173 3239 1332 3298 septuaginta

183 3309 227 3358 pus
238 3311 320 3344 amnes
329 3299 421 3346 cruenti
431 3299 544 3358 sunguine
554 3299 674 3346 fluxerint.
771 3301 877 3360 peditum
901 3303 984 3360 millia,
1010 3302 1116 3363 ‹quimm
1134 3300 1232 3362 triginta
1254 3304 1330 3364 quin·

216 3361 327 3409 lotan
335 3359 521 3426 locupletissimi]
543 3365 636 3410 Fanum
649 3367 738 3411 Cinna·
771 3379 817 3426 que
833 3368 1026 3422 numerabantur,
1052 3367 1116 3412 hunc
1133 3365 1220 3412 iterum
1237 3367 1331 3414 ucul-

183 3437 241 3472 num
250 3426 375 3484 significat,
394 3427 601 3488 quodlrMurarnu
609 3427 733 3488 spoliatum
766 3433 802 3476 lus
824 3431 963 3490 profligarit
998 3433 1078 3480 erare
1098 3429 1213 3488 Tigranes
1234 3429 1259 3476 in
1280 3435 1331 3478 Ar·
1393 3470 1394 3493 ,

183 3495 229 3546 est,
240 3490 352 3537 suadente
360 3491 461 3552 quodam
472 3493 597 3549 Archelao,
613 3493 652 3554 qui
664 3493 735 3539 tMi-
767 3495 872 3541 menium
888 3495 1034 3551 interiorem,
1052 3493 1204 3541 Mithridates
1219 3493 1244 3540 iu
1262 3496 1330 3542 Pou-

182 3553 286 3600 thritlate
303 3555 432 3614 defecerat,
456 3559 549 3616 dequo
570 3557 693 3617 Appianus
711 3557 735 3604 in
767 3563 819 3606 tum
830 3559 897 3618 fugit.

184 3616 292 3664 Mithrid.
311 3617 367 3679 quid
385 3621 415 3666 sit
430 3619 520 3676 funum,
549 3621 641 3667 dictum
656 3629 692 3667 est
710 3622 736 3668 in
799 3627 840 3672 51.
858 3621 1057 3686 imprimitus]
1091 3621 1259 3670 Occutathic
1279 3625 1332 3671 Lu-

184 3679 336 3742 Div.psr.l.
349 3685 364 3730 l.
377 3685 399 3730 6.
767 3689 822 3736 mlli
848 3689 1027 3749 turpitudinem,
1052 3687 1092 3749 qui
1117 3689 1210 3733 iustam
1230 3685 1331 3747 fitgien-

215 3747 254 3793 ts.
279 3744 381 3819 lisdem]
400 3751 595 3812 Tigranocertam
615 3749 734 3810 iutelligit,
767 3761 817 3800 tem
825 3753 927 3814 reliquit,
945 3753 969 3798 lt
985 3754 1074 3801 lactum
1082 3751 1132 3812 ejus
1145 3755 1330 3799 exuuntulon-

182 3821 255 3868 qusm
271 3811 385 3870 Tigranes
399 3815 512 3872 condidit,
529 3817 552 3862 lc
578 3831 619 3862 suu
639 3817 736 3862 nomine
766 3819 896 3879 ginquitate
913 3821 1027 3875 lucorum,
1053 3821 1095 3862 aut
1110 3815 1189 3875 potius
1209 3814 1331 3863 seditione

182 3875 318 3934 appellavit
345 3876 400 3936 Ejus
408 3879 659 3940 murosquinquuginta
670 3881 737 3927 cubi·
769 3883 878 3930 militurn.
912 3885 977 3930 Naro
1001 3879 1134 3928 Valeriano
1156 3878 1260 3939 legiones
1283 3881 1331 3927 de·

182 3938 214 3984 tis
234 3939 376 4000 almarech,
404 3943 508 4004 loquum
520 3943 591 3989 totius
608 3944 643 3990 sui
660 3945 735 4004 Regni
770 3951 901 3994 trecumnt
919 3945 1033 4007 imperim
1064 3944 1125 4005 quod
1143 3957 1186 3989 sua
1207 3943 1331 4004 stipendis

182 4001 290 4049 ditissimi
308 4003 402 4066 quique,
422 4011 448 4053 ut
463 4007 522 4067 Regi
537 4005 734 4067 grutilieasentur,
768 4012 946 4073 implerisssent.
983 4009 1123 4058 Plutarchus
1138 4006 1173 4052 uit
1184 4008 1276 4054 Luculli
1288 4008 1331 4055 t‘u·

182 4066 555 4134 ntosthessuiusdeportasirunt.
590 4073 618 4119 ln
636 4073 736 4129 hac,in-
767 4076 849 4136 perbis
866 4075 888 4121 ts
904 4074 1002 4121 sustitit
1019 4074 1120 4121 offensa
1139 4069 1209 4117 luisse
1227 4071 1331 4126 milites,

181 4129 234 4190 quit
247 4131 396 4193 Plutarchus,
413 4143 500 4198 pitter
518 4137 605 4184 multus
614 4151 679 4197 opes,
697 4145 736 4185 tn.
768 4141 807 4200 qul
815 4139 845 4186 ad
855 4139 1013 4188 defectionem
1024 4137 1107 4186 ἢΡιὼ.
1124 4135 1207 4184 ΟΙοὰἱο
1213 4135 1331 4184 801ἱοίῑαῦ

182 4196 359 4244 lentoutmocto
376 4203 571 4252 mutaturum
587 4203 687 4263 repent,
706 4201 738 4250 ad
769 4210 831 4252 emt.
1226 4216 1229 4220 ⁴
1255 4220 1258 4224 ⁴
