2825 4775
562 266 746 334 VITA.
1145 282 1226 346 ms,

87 396 183 475 licuit,
197 394 238 461 eb
252 396 337 481 quod
352 398 505 461 Antonino
520 397 538 461 d
552 398 699 464 Cicerone
714 400 805 465 caedic
819 400 938 464 initium
954 402 1091 467 fadum
1105 422 1225 491 putare-

88 502 145 550 tur.
192 486 330 548 Antonio
343 485 465 548 Tullius
484 486 636 570 respondit
655 489 750 551 nobili
761 492 790 551 n
809 489 908 552 divina
927 490 979 554 suas
997 491 1173 576 Philippica,
1192 499 1225 559 in

87 580 147 657 qul
159 586 255 637 totam
270 574 402 635 Antonii
420 574 512 635 vitam
523 574 646 637 excussit
661 576 788 661 egregii.
834 575 952 639 Verdm
972 598 1033 641 non
1048 582 1145 643 adsuit
1157 585 1225 646 An-

87 662 200 737 tonius,
221 682 316 744 quem
340 674 442 723 tamen
466 661 546 744 quafi
566 663 743 746 praesentem
768 664 945 746 alloquitur:
971 666 1089 729 obviam
1114 669 1224 753 nempd

87 749 178 812 iverat
197 748 367 834 legionibus
390 760 529 832 quatuor,
556 770 623 831 quoe
642 750 674 811 in
700 751 914 813 Macedoniam
940 758 955 813 'a
979 752 1096 817 Caesare
1120 758 1223 834 miffar,

87 836 150 919 post
162 836 229 922 ejus
245 837 359 899 caedem
371 835 403 896 in
418 836 534 898 Italiam
549 837 708 914 redierant,
724 853 758 900 ut
772 860 822 900 eas
836 838 888 901 fibi
902 839 1030 923 pecunia
1040 844 1223 920 conciliaret,

89 928 116 987 ἃ
135 924 168 985 in
189 922 299 987 urbem
320 923 489 988 adduceret.
534 924 738 987 Brundusium
749 926 850 1010 itaque
869 926 952 989 venit
962 947 1009 989 vn
1025 929 1097 990 Idus
1108 928 1222 993 ottob.

85 1010 229 1075 Profecto
248 1012 396 1087 Antonio,
419 1010 606 1074 Obtariarrus
624 1011 757 1095 primirm
777 1020 794 1076 a
813 1013 938 1088 Calatis,
962 1034 1033 1075 mox
1050 1022 1068 1077 l
1083 1012 1236 1079 Caffiiino'
1263 1076 1272 1088 ,

84 1112 240 1161 veterartoa
262 1098 372 1161 milites
392 1099 509 1175 excivit,
534 1120 664 1183 quorum
679 1100 729 1162 alii
747 1101 842 1162 secuti
858 1102 1030 1181 exemplum
1041 1102 1124 1165 brevi
1138 1126 1223 1166 exer-

83 1186 178 1249 citum
193 1183 408 1249 conflaadrunt.
453 1186 561 1249 Cicero
579 1201 646 1249 tum
663 1186 870 1261 rusticamur,
895 1186 1031 1250 &libros
1049 1190 1087 1250 de
1105 1190 1223 1253 Officiis

83 1272 261 1337 absolvebat.
306 1272 385 1335 Sunt
394 1274 447 1357 qui
458 1287 567 1357 putent
577 1295 615 1335 eo
623 1288 759 1357 tempore
772 1274 929 1337 Paradora
943 1275 1092 1357 scripfiffe.
1138 1276 1222 1339 Ciam

82 1360 210 1424 rediiffet
225 1361 360 1423 Romam
375 1362 541 1435 Antonius,
561 1374 651 1444 atque
666 1361 761 1423 adesse
776 1361 898 1445 juffiffet
916 1362 1063 1425 Senatum
1086 1365 1118 1425 in
1132 1363 1224 1447 Capi-

82 1449 166 1525 tolio,
183 1448 298 1511 audivit
320 1448 471 1533 legionem
486 1448 629 1511 Martiam
646 1452 676 1511 &
693 1462 830 1531 quartam
848 1448 885 1509 ad
896 1449 1100 1511 octavianum
1119 1452 1223 1512 tranfi-

82 1536 164 1599 riil'e:
187 1556 280 1621 quare
294 1548 397 1599 mente
409 1536 550 1611 concidit,
571 1539 602 1599 δι
616 1534 715 1599 statim
726 1535 758 1597 in
769 1536 902 1598 Galliam
918 1537 1087 1599 citeriorem
1098 1538 1222 1621 paluda-

82 1638 133 1687 tus
155 1644 313 1707 properare
331 1622 473 1698 decrevit,
495 1642 586 1705 quam
606 1638 761 1705 acceperat
775 1628 791 1683 a
805 1622 932 1706 populo:
955 1624 1005 1688 sed
1018 1624 1131 1687 Brutus
1148 1646 1221 1687 eum

82 1708 239 1793 provincii
248 1710 379 1786 exclusit,
402 1710 580 1775 &ediblum
595 1710 759 1794 proposuit,
777 1730 840 1792 quo
856 1711 1049 1794 promittebat
1057 1711 1087 1774 se
1101 1713 1221 1794 prouin-

4 1836 6 1845 ,
82 1798 160 1859 ciam
174 1796 307 1861 Galliam
316 1798 349 1861 in
364 1796 495 1861 senatos
518 1798 685 1881 populique
704 1796 838 1860 Romani
858 1798 1005 1879 potestate
1020 1812 1219 1861 retenturum.

4 1944 5 1947 ,
82 1884 190 1949 Cicero
202 1882 337 1949 Romam
351 1884 497 1963 reversus,
506 1882 579 1948 ciam
595 1884 749 1947 audivisset
764 1886 921 1947 decretum
936 1885 955 1947 a
970 1886 1066 1947 Bmto
1088 1886 1221 1970 propofi-

4 1978 5 2039 ἶ
80 1986 155 2049 tum,
175 1972 261 2036 venit
282 1974 315 2035 in
334 1970 490 2048 Senatum,
513 1992 575 2055 quo
591 1974 692 2056 plures
715 1992 786 2034 cum
801 1993 839 2033 eo
859 1972 1018 2035 Senatores
1043 1970 1219 2035 convenire.

4 2064 6 2133 Q
81 2057 266 2123 Remittunt
282 2058 522 2144 Tribuni-plebio
543 2060 581 2121 ad
594 2058 752 2137 Senatum,
775 2058 813 2121 de
827 2059 963 2143 prasidio
987 2058 1153 2123 Consulum
1167 2061 1220 2123 de-

4 2144 6 2161 ³
80 2146 264 2233 signatorum
283 2146 387 2210 Pansae
412 2150 442 2211 ἃ
462 2146 567 2221 Hirtii,
586 2160 621 2208 ut
644 2146 775 2210 Senatus
798 2146 868 2209 Kal.
892 2146 959 2209 Jan.
979 2142 1047 2207 tuti)
1061 2146 1174 2222 haberi,
1189 2150 1219 2211 8<

4 2232 6 2265 l
78 2234 234 2299 seutentiae
256 2234 296 2296 de
317 2234 432 2295 summi
457 2232 579 2317 Repub.
605 2234 665 2297 dici
693 2235 818 2319 possent,
862 2234 970 2295 Cicero
992 2232 1076 2294 suam
1098 2248 1220 2318 rogatus

4 2336 5 2345 ³
76 2321 205 2399 censuit,
219 2335 256 2383 ut
272 2320 441 2406 praesrdium
455 2321 676 2397 decerneretur,
694 2324 724 2384 u
748 2340 816 2404 quae
831 2318 979 2382 octavius
993 2319 1093 2382 Caesar
1106 2320 1220 2406 egisset,

77 2410 199 2493 publicai
212 2408 391 2473 auooriute
409 2407 668 2483 confirmarentur,
694 2413 752 2472 &o
797 2409 849 2470 De
866 2408 913 2472 iaia
926 2408 995 2470 uide
1008 2406 1219 2491 Phillippicarn

77 2497 206 2560 tertiam.
251 2495 382 2559 Fadium
407 2495 450 2558 cst
474 2495 565 2580 igitur
587 2497 618 2556 in
638 2496 704 2580 ejua
723 2494 899 2557 sententiam
917 2493 1217 2568 senatusconsultum,

4 2589 5 2606 ³
79 2588 109 2647 n
124 2583 296 2670 progreffua
317 2583 350 2646 in
365 2583 554 2660 concionem,
575 2583 648 2666 quid
663 2582 767 2644 altum
781 2583 853 2644 esset
871 2582 903 2642 in
920 2580 1036 2642 Senatu
1052 2576 1219 2662 Philippici

75 2679 182 2755 quarta
196 2671 330 2758 exponit.

330 2841 485 2907 ANNUS
505 2840 637 2906 URBIS
660 2839 873 2905 CONDITAE
895 2841 969 2903 710.

76 2977 148 3066 Coffi
166 2976 201 3040 C.
221 2977 297 3040 Vatia
310 2945 478 3062 Paafilsts.
493 2975 593 3038 Hirtio
602 2988 670 3038 ante
686 2973 827 3063 Christum
842 2981 894 3038 42.
941 2973 1217 3059 Cicnonisstxag'est-

541 3086 603 3125 mus
624 3075 752 3147 quartus.

116 3177 267 3243 Kalendis
280 3175 583 3244 lanua-inconsutae
602 3175 748 3246 Senatum
767 3173 937 3238 habudrunt
956 3175 988 3235 in
1005 3171 1156 3255 Capitolio
1177 3175 1215 3236 de

74 3268 225 3342 murno,
234 3265 288 3350 qui
299 3265 454 3328 Mutinam
464 3263 625 3339 obsidebat,
641 3267 671 3326 a
684 3265 727 3327 D.
741 3263 869 3325 Brutum
879 3257 1080 3345 oppugnabat
1105 3259 1215 3322 Cicero

74 3355 105 3416 id
113 3355 221 3441 egitur
231 3351 325 3416 bostis
337 3352 490 3416 Antonius
505 3351 701 3436 judicaretur,
721 3349 771 3411 alii
782 3365 817 3412 ut
826 3352 917 3434 legati
930 3349 967 3409 ad
979 3368 1050 3409 eum
1059 3346 1215 3409 mitteren-

73 3454 134 3504 tur.
178 3439 299 3504 Habuit
317 3441 410 3526 igitur
423 3439 560 3524 quintam
573 3437 785 3521 Philippicam,
803 3437 835 3498 in
846 3433 1097 3518 quilegationem
1107 3433 1215 3496 dissua-

72 3529 136 3606 nt,
149 3527 401 3592 maerditbeuo
413 3512 584 3590 mantum
598 3524 917 3608 erepeuequenaon
930 3522 1060 3584 nomas
1076 3521 1133 3582 use
1160 3521 1214 3584 ae.

71 3617 243 3680 mnendoo
253 3615 300 3692 iis,
311 3614 365 3699 qui
373 3614 591 3678 adtarsueeum
600 3612 834 3696 Rempublicam
842 3609 992 3672 defensuri
1002 3609 1102 3671 essent.
1126 3607 1213 3672 Iudi-

70 3703 368 3768 cummiffethottis
377 3703 540 3778 Antonino,
550 3699 724 3764 nifiSalvius
731 3697 996 3780 Tribunus-plebia
1003 3695 1211 3760 intercessisset.

69 3789 218 3855 Decrevit
238 3805 342 3854 tamen
360 3787 489 3854 Senatus
511 3802 545 3850 ut
564 3789 677 3850 Brutus
691 3786 872 3861 laudaretur,
887 3783 973 3868 quod
983 3781 1120 3846 Antonio
1135 3783 1212 3846 Gal-

67 3878 145 3942 liam
159 3900 222 3942 non
240 3877 436 3954 conceffiffet3
457 3891 493 3940 ut
511 3874 610 3939 Caesar
625 3873 812 3937 Odbarimua
831 3893 904 3937 cum
915 3871 1013 3935 Pausi
1031 3870 1145 3933 bellum
1158 3893 1213 3956 ge-

68 3978 161 4044 reret,
182 3966 361 4030 sentenoan
377 3967 445 4028 loco
465 3961 611 4028 consulari
626 3962 752 4039 diceret,
773 3960 961 4025 consulatum
971 3970 1086 4042 peteret
1104 3959 1211 4020 decem

67 4055 157 4118 amia
168 4051 354 4138 prinsquam
362 4054 429 4138 lege
438 4052 483 4115 saa
494 4050 574 4116 effet.
616 4049 742 4114 Decred
760 4048 829 4113 sunt
846 4049 947 4132 itaque
960 4045 1050 4131 legati
1064 4044 1101 4108 ad
1114 4047 1212 4106 Anto-

67 4141 158 4203 nium
177 4161 253 4205 cum
272 4139 308 4204 iia
323 4142 421 4204 verbio
441 4159 510 4224 qua
531 4137 639 4202 Cicero
663 4136 866 4222 perscriberet.
912 4135 993 4220 Quat
1008 4135 1046 4195 ad
1063 4153 1131 4194 eam
1144 4150 1210 4193 rem

62 4228 225 4318 pertinent
235 4225 317 4296 senti
328 4227 500 4316 Philippici
508 4227 621 4314 populo
636 4224 782 4312 aposuit.
826 4221 908 4289 Ciam
918 4220 1041 4286 interim
1053 4218 1144 4305 legati
1158 4237 1211 4282 ea»
