2825 4775
607 81 613 115 l

324 227 968 326 nunnoeromcumnmms.
1198 239 1235 296 m

94 359 164 424 bere
180 358 281 445 pollit,
309 381 374 424 non
387 362 444 425 erit
458 362 585 429 idoneus
604 363 658 446 qui
672 364 711 426 ad
730 363 843 427 bellum
859 365 1025 428 Asiaticum
1048 362 1197 450 Regium-

95 469 154 531 que
179 448 329 511 mittatur.
373 449 518 532 Ecquam·
533 452 648 534 putatia
672 451 825 514 civitatem
850 467 986 534 pacatam
1009 451 1105 527 sullis,
1129 475 1196 535 quae

93 537 230 621 locuples
241 534 300 599 ut?
323 557 451 619 ecquam
461 539 519 600 elle
533 539 727 622 locupletem,
750 561 818 621 quae
834 537 895 602 istis
907 553 1010 625 pacata
1021 541 1078 602 elle
1093 539 1192 614 videa.-
1210 569 1241 618 90

92 621 166 686 turi
189 623 257 686 Ora
270 624 431 700 maritima,
454 625 602 712 Quirites,
622 625 681 687 Cn.
693 625 874 709 Pompeium
890 648 951 688 non
964 626 1060 690 soldm
1075 643 1198 714 propter

93 711 136 774 rei
149 709 291 774 militarie
310 711 447 796 gloriam,
468 713 626 774 sedetiam
644 727 767 798 propter
791 713 883 774 animi
903 713 1117 777 continentiam
1133 730 1136 746 '
1150 737 1198 780 re.-

94 797 234 881 quifivit3
256 797 377 860 ridclrat
402 800 484 862 enim
503 801 634 884 populus
658 799 818 862 Romanus
833 821 895 862 non
920 801 1095 885 locupletari
1120 823 1197 884 quo-

92 886 191 949 tannis
206 887 335 970 pecrmil
345 886 474 969 publice,
483 902 591 970 praeter
606 907 736 970 paucos:
757 909 858 970 neque
872 907 928 950 nos
940 889 1105 972 quidquam
1115 891 1197 954 aliud
1255 895 1258 908 '

92 973 203 1058 allequi
220 993 243 1023 n
261 971 395 1035 clall'rum
408 976 545 1050 nomine,
555 974 608 1035 nisi
620 987 654 1035 ut
665 975 854 1036 detrimentis
868 976 1049 1058 accipiendis
1078 977 1190 1062 majore
1208 1005 1238 1065 9⁵

91 1060 170 1125 affici
186 1061 377 1144 turpitudine
400 1061 582 1124 videremur.
626 1062 721 1123 Nunc
751 1067 808 1144 qui
824 1061 988 1144 cupiditate
1011 1061 1149 1125 homines
1164 1063 1196 1128 in

92 1144 273 1232 provincias,
295 1148 404 1231 quibus
416 1149 554 1234 jaderis,
577 1148 688 1230 quibus
713 1149 935 1212 conditionibus
960 1147 1196 1242 proficiscantur,

91 1235 232 1320 ignorant
260 1233 401 1300 uidelicet
424 1235 472 1298 isti
495 1236 549 1318 qui
573 1235 612 1296 ad
638 1255 735 1297 unum
750 1235 913 1300 deferenda
937 1237 993 1298 effe
1008 1235 1110 1299 omnia
1133 1259 1196 1322 non

91 1324 275 1390 arbitrantur
320 1322 401 1405 quasi
414 1321 488 1385 veri>
513 1323 572 1386 Cn.
587 1323 769 1409 Pompeium
792 1337 853 1386 non
868 1324 1011 1406 cirmluis
1024 1323 1196 1402 virtutibus,

91 1425 156 1474 tum
183 1412 277 1475 etiam
300 1411 405 1473 alienis
425 1411 506 1474 vitiis
530 1431 677 1496 magnum
690 1411 748 1473 elie
762 1411 951 1561 videamus)
973 1411 1079 1498 Quare
1094 1413 1239 1498 nolite100

90 1499 233 1562 dubitare
247 1499 322 1582 quin
332 1497 405 1561 huic
419 1497 473 1560 uni
484 1497 611 1562 credatis
622 1498 734 1574 omnia,
760 1499 843 1580 quin
861 1494 922 1562 in'te
952 1519 1045 1562 annos
1061 1514 1106 1580 tqt
1117 1521 1196 1567 unus

90 1586 218 1650 inventu
256 1585 302 1660 lit,
324 1607 418 1668 quem
431 1584 502 1648 socii
517 1586 549 1647 in
564 1585 663 1648 urbeis
677 1585 744 1650 suas
760 1607 830 1649 cum
846 1586 980 1650 exercitu
998 1587 1108 1650 venille
1122 1611 1196 1684 gou-

90 1675 192 1738 deant.
239 1674 337 1760 Quod
362 1673 383 1734 st
408 1673 637 1736 austoritatibus
656 1673 735 1767 leque
761 1673 891 1750 causam,
914 1675 1062 1759 Quirites,
1085 1675 1197 1738 confir-

89 1763 236 1826 mandam
261 1761 385 1845 putatis,
410 1759 453 1824 est
467 1759 553 1823 vobis
578 1760 700 1836 aurion}
717 1761 762 1823 vir
775 1761 924 1824 bellorum
947 1762 1085 1824 omnium
1101 1763 1197 1836 mari-

88 1868 274 1931 marumque
284 1869 385 1912 rerum
401 1847 591 1932 peritiffimus
600 1847 637 1910 P.
652 1842 816 1912 Se'rrilius:
836 1850 925 1938 cujus
937 1863 1027 1927 tantae
1038 1871 1086 1912 res
1095 1849 1238 1936 gestae105

91 1943 168 2000 terre
180 1937 320 2020 marique
345 1935 533 2011 exstiterunt,
556 1952 601 2010 ut,
623 1934 695 1998 sirm
717 1939 760 2008 ‚de
784 1935 864 2000 bello
881 1937 1070 2022 deliberetis,
1088 1937 1196 2000 auctor

88 2026 174 2088 robis
200 2024 320 2110 gravior
344 2023 402 2087 effe
424 2044 517 2086 nemo
539 2023 665 2085 debeat:
687 2023 730 2086 est
756 2024 793 2088 C.
820 2023 915 2087 Curio
940 2023 1065 2086 summis
1089 2025 1195 2087 restris

87 2111 259 2188 beneficiis,
273 2111 471 2195 maximisque
486 2111 575 2174 rebus
590 2109 689 2196 gestis,
712 2111 831 2174 su'mmo
854 2112 976 2196 ingenio
990 2117 1018 2174 &
1036 2111 1196 2194 prudentii

86 2200 255 2284 praeditus:
277 2199 320 2263 est
335 2199 395 2267 en,
406 2199 568 2273 Lentulus,
577 2201 613 2258 'in
623 2219 686 2280 quo
700 2220 817 2274 omnes,
826 2221 884 2296 pro
899 2197 1194 2282 amplillrmisvestris

87 2287 271 2364 honoribus,
292 2285 447 2354 summum
469 2285 637 2362 confilium,
658 2286 807 2348 summam
831 2285 1007 2374 gravitatem
1032 2286 1090 2349 elle
1115 2307 1238 2370 cog-110

17 2389 18 2406 ¹
87 2375 232 2440 noscitis:
254 2373 298 2440 est
311 2374 350 2447 C.
371 2371 491 2439 Cassius
505 2373 687 2459 integritate,
709 2377 833 2452 uirtute,
856 2373 1021 2437 constantii
1045 2373 1194 2458 lingulati.

87 2465 197 2551 Quare
220 2462 338 2539 ridete,
361 2476 396 2525 ut
410 2482 425 2512 0
438 2462 551 2525 horum
576 2462 817 2545 solimitatibus,
840 2462 961 2525 illorum
984 2461 1112 2530 orationi
1141 2461 1195 2543 qui

86 2551 277 2628 diffentiunt,
298 2550 478 2637 respondere
500 2549 580 2637 polle
594 2549 759 2631 videamur,
798 2547 803 2559 ’

139 2725 420 2816 Ιφιαβυὶίβυᾰίωὲ.
467 2723 704 2812 ωφιὸιίρνψᾶἱ
719 2725 784 2810 fiat
795 2724 932 2803 exercitui
938 2724 1049 2798 novali.
1094 2742 1109 2775 ¹¹
1126 2722 1195 2795 drot

75 2816 182 2885 annin
229 2830 311 2911 oper
323 2816 615 2879 marmannorum.

82 2995 272 3054 imperatorem,
291 2993 331 3055 qni
342 2992 373 3039 eb
384 2992 413 3039 ile
428 2991 536 3038 animum
547 3004 647 3039 evocare
680 2990 748 3038 nium
760 2991 791 3039 od
801 2989 1029 3039 bellumPireticom
1037 2990 1121 3038 missure
1135 2996 1172 3037 ert
1179 3004 1238 3049 0⁰¹2·

79 3059 167 3117 pouit,
177 3057 328 3119 renuendum
337 3056 478 3118 exequalis
488 3060 524 3104 eet
535 3054 647 3117 Pompei-
678 3060 717 3103 tra
729 3056 862 3112 Praedones,
876 3070 934 3117 qnos
943 3070 991 3103 non
1006 3056 1238 3107 incruenturictoru

79 3136 119 3169 us.
214 3123 221 3131 ¹
382 3116 386 3124 ’
678 3120 811 3181 mpererlt:
833 3121 874 3166 sed
895 3133 941 3167 uec
961 3134 1001 3165 eos
1012 3120 1072 3166 mari
1093 3120 1237 3169 monor-isse

116 3190 158 3234 93,
178 3184 234 3235 Non
245 3183 399 3250 locupletarid
415 3184 646 3235 Pecuninubbosti-
677 3190 812 3240 contentus,
828 3184 1156 3239 validissimasurbeueonrm,
1166 3184 1189 3229 δι
1200 3184 1237 3231 dt,

79 3251 250 3299 brumen
265 3251 296 3298 ab
307 3249 522 3312 lmpe'retorilmuin
535 3251 647 3297 sororium
677 3249 743 3295 utine
754 3249 832 3309 pmsld
841 3247 989 3294 ubrmduutes
999 3247 1128 3306 Phaselim,
1140 3248 1163 3293 lu
1174 3248 1237 3307 Oly,-

78 3316 210 3377 wblicum
220 3316 372 3363 deferebatur
382 3317 497 3363 Romam:
509 3327 582 3374 quere
589 3327 645 3361 cum
676 3316 771 3373 rupium,
790 3314 933 3373 lmuronque
948 3312 1033 3373 ipsam¹
1042 3325 1123 3365 arcem
1143 3312 1235 3375 Ciliqiae

79 3378 126 3427 ulis
135 3384 278 3431 Quarum
287 3379 453 3437 mittebantur,
470 3384 497 3424 ut
512 3392 563 3425 rem
571 3392 646 3439 pecu-
677 3378 771 3425 evertit.
806 3376 920 3424 Conscius
929 3376 973 3422 eibi
985 3382 1035 3422 tum
1044 3376 1123 3435 magni
1141 3376 1235 3437 laboris,

79 3445 188 3493 niarium
199 3442 545 3505 adminisunrennmraednm
554 3442 646 3504 inpub-
678 3438 779 3488 Isaurici
789 3454 920 3499 cognomen
931 3440 1058 3487 adamavit.
1093 3440 1156 3496 Vide
1171 3438 1234 3490 Floi.

78 3509 256 3557 uenenum
266 3508 390 3555 referrent.
679 3506 704 3553 in
713 3508 776 3566 Epir.
789 3504 875 3553 Justin.
884 3504 925 3551 lib.
938 3506 976 3551 tu.
1024 3508 1027 3516 ⁴
1125 3502 1127 3509 ’
1214 3500 1220 3511 ’

114 3570 542 3636 94.Prempaacos.]1mperat0rer
555 3570 649 3632 praedns
714 3564 767 3619 106'.
780 3568 827 3617 Est
842 3566 869 3617 G.
891 3564 981 3626 Curia]
1010 3568 1082 3625 Curio
1092 3568 1137 3616 fuit
1147 3570 1235 3627 Consul

77 3636 301 3699 umnpecouum
309 3636 354 3684 sibi
361 3652 405 3698 per
411 3650 530 3684 nummum
539 3636 648 3697 rupinum
679 3650 735 3683 cum
748 3636 793 3684 Cn.
801 3633 955 3694 Octar·io,qui
963 3634 1236 3695 pronconmlDardanos

80 3702 251 3759 vindicabant,
271 3716 329 3749 cum
336 3701 361 3749 in
372 3702 424 3749 illes
434 3708 530 3749 exteras
540 3700 648 3759 regiones
679 3702 806 3761 serperarit.

78 3766 253 3814 mittebantur.
712 3768 765 3814 109.
786 3764 829 3812 Cu.
846 3760 980 3821 Lenaeus]
1014 3764 1127 3811 Lentulus
1143 3762 1235 3812 Luculli

113 3835 157 3879 99.
177 3830 240 3881 stru
259 3828 341 3878 olienis
361 3828 444 3887 uum]
478 3832 577 3879 Sum
594 3832 645 3878 loru
678 3832 775 3893 Collega
794 3830 818 3877 in
834 3827 963 3876 Consulatu
980 3842 1037 3876 cum
1048 3830 1162 3889 Spartaco
1176 3842 1235 3877 con·

79 3896 204 3957 Pompeii,
222 3894 396 3955 quicontinens
417 3902 455 3941 est
477 3894 501 3942 dr
522 3896 646 3953 innocens,
677 3896 747 3943 uixit.
805 3918 808 3925 ·
1232 3950 1236 3955 ⁴

78 3961 121 4007 ubi
135 3960 285 4019 annunti,
303 3960 441 4018 servantia,
459 3959 642 4009 &incuntinem
666 3979 669 3985 ·
711 3954 985 4015 lll.EstG.Cusrius.]
1002 3957 1233 4027 AdhuncCussiutp

75 4024 283 4073 tutamoeimt
676 4024 797 4075 Ciceronis
807 4024 918 4087 Epistola
929 4024 1032 4073 srmtlib.
1046 4025 1082 4071 15.

116 4093 170 4141 105.
179 4088 211 4140 P.
223 4086 356 4149 servium]
376 4087 487 4140 Servilius
501 4092 641 4153 portento-
