2825 4775
585 220 617 282 v
639 220 706 287 tr
727 222 769 285 n.
1202 235 1255 299 ,n

97 348 278 505 mappagsque
290 350 478 503 {malini
492 350 524 415 in
548 351 694 419 studiosos
717 356 861 440 potentiae
875 378 1053 441 paucorum,
1070 365 1100 427 tt
1115 362 1255 449 Pompeii

98 463 166 507 inu
232 460 301 501 inve
337 460 400 505 use
429 486 437 503 .

355 582 509 649 ANNUS
531 582 665 647 URBIS
688 579 904 648 CONDiTAE
926 590 999 649 688.

103 692 178 789 Coffl
207 690 250 761 L.
274 697 392 762 Aurelio
423 696 514 774 Cotta,
544 693 584 761 L.
612 692 730 761 Manlio
761 694 905 874 Torjumo,
928 714 993 763 ante
1026 694 1166 790 chessuim
1196 710 1252 768 dt.

421 785 561 849 Ciceronis
570 786 796 873 quadrngpsmur
820 786 949 850 arundus.

146 896 218 961 Hoc
230 912 312 959 anno
323 897 409 980 plura
420 894 574 982 contigsre
583 895 732 982 prodigia,
741 920 811 980 qum
822 896 956 963 versbus
966 901 1121 986 descripsit
1131 903 1250 971 Cicero.

97 985 149 1051 Ea
161 982 294 1071 praeturis
308 984 340 1047 in
351 985 536 1069 provinciam
551 986 632 1049 abire
641 986 750 1061 noluit,
766 987 837 1068 quia
849 987 880 1049 in
892 1008 1006 1049 annum
1018 990 1194 1072 sequentem
1215 996 1254 1057 de

100 1074 259 1137 consulatu
271 1074 403 1157 patendo
417 1073 577 1157 cogitabat.
600 1072 777 1135 Cornelium
788 1075 828 1135 de
842 1074 995 1158 majestate
1006 1078 1086 1159 apud
1109 1080 1151 1165 Q.
1177 1080 1255 1147 Gal-

100 1162 177 1228 lium
192 1160 359 1225 Pratoram
374 1160 537 1243 quatriduo
547 1160 697 1225 defendit:
713 1160 764 1223 sod
783 1161 902 1223 illarum
922 1163 1094 1225 orationum
1119 1166 1254 1250 reliquiar

102 1244 245 1333 quaedam
261 1253 379 1313 tandm
391 1262 494 1311 extant
504 1249 585 1332 apud
597 1248 776 1311 Asconium.

354 1384 510 1453 Annus
533 1382 666 1452 onais
689 1378 906 1453 oononn
928 1392 1003 1455 sas.

101 1507 171 1594 Cff
193 1507 235 1569 L.
262 1506 344 1595 Julio
355 1505 471 1589 Cessare,
496 1504 531 1567 C.
552 1503 671 1567 Marcio
689 1500 801 1587 Figulo,
821 1518 887 1565 ante
911 1503 1052 1590 Christum
1065 1513 1119 1568 63.
1144 1502 1252 1573 Cicerr-

480 1594 525 1655 m‘s
535 1590 757 1677 quadragesimus
770 1594 879 1660 tertius.

147 1698 348 1771 Cdmodn'um
360 1704 624 1793 quadragesimum
634 1708 772 1781 tertium,
780 1706 835 1789 qui
840 1706 1003 1769 consularia
1014 1706 1070 1783 eit,
1082 1706 1191 1771 Cicero
1205 1724 1251 1770 at-

99 1788 221 1881 tigisset,
248 1796 437 1859 consulatum
452 1792 572 1881 petivit:
588 1796 619 1857 in
645 1812 707 1877 quo
729 1795 862 1877 petendo
873 1814 945 1856 cum
968 1793 1019 1856 sex
1040 1798 1254 1879 competitores

98 1882 237 1959 baberet,
252 1878 314 1945 uni
337 1898 412 1945 voce
426 1878 532 1967 populi
551 1882 685 1945 Romani
711 1882 828 1965 primus
853 1879 967 1945 Consul
988 1883 1184 1945 renunciatus
1198 1884 1252 1945 est.

97 1968 181 2035 Cim
192 1984 298 2033 autern
321 1968 353 2032 in
372 1971 439 2033 dies
455 1972 576 2033 licentia
596 1966 728 2032 ambitor
746 1984 908 2054 augeretur
930 1985 1053 2053 propter
1069 1970 1253 2054 praecipuam

6 2090 7 2101 ¹
96 2053 239 2123 &ailina
256 2062 287 2122 δε
310 2052 437 2121 Antonii
457 2058 624 2133 audaciam,
646 2053 963 2132 censuerat'Senatua,
978 2071 1013 2117 ut
1027 2057 1065 2118 ad
1078 2059 1254 2141 legemam·

95 2144 179 2208 bitis
192 2146 416 2231 poeuagtarior
435 2142 603 2207 adderetur.
634 2144 694 2207 Cui
712 2145 757 2207 rei
785 2142 857 2207 cdrn
881 2145 925 2230 Q.
955 2144 1080 2205 Mucius
1094 2144 1254 2207 Orestinus

95 2231 255 2295 Tribunus
270 2226 367 2317 plebio
382 2228 593 2307 intercessisset,
608 2232 738 2316 graviter
747 2230 862 2293 Senatu
871 2230 1110 2293 intercessionem
1124 2232 1253 2307 serente,

6 2348 7 2392 1
97 2319 205 2383 Cicero
220 2318 362 2395 surrexit,
377 2333 467 2403 atque
482 2320 514 2380 in
525 2318 688 2381 coitionem
701 2317 840 2381 Catilinae
857 2318 887 2381 &
905 2318 1034 2379 Antonii
1049 2318 1252 2398 invasimest,

94 2407 194 2472 babiti
214 2407 354 2470 oratione
362 2407 395 2468 in
417 2404 488 2492 rogii
505 2403 642 2481 candidi,
666 2404 726 2488 qui
749 2407 912 2468 utebantur
921 2407 975 2489 qui
985 2406 1176 2490 magistratus
1200 2426 1254 2490 pa-

95 2489 208 2558 tebant.
233 2488 306 2558 Hoc
328 2496 436 2558 todem
463 2511 543 2555 anno
569 2494 612 2579 Q.
640 2489 778 2574 Gallium
799 2491 838 2556 de
861 2493 977 2556 ambitu
1002 2493 1149 2570 defendit,
1170 2496 1253 2575 quod

93 2595 235 2672 ptttttrrte
246 2575 424 2646 candidum
435 2581 633 2668 gladiatorum
649 2598 760 2642 munus
771 2577 904 2642 dedisset.

353 2717 507 2790 ANNUS
529 2717 661 2787 URBIS
685 2713 900 2786 CONDITAE
923 2730 997 2786 690.

96 2837 169 2929 Goff.
197 2837 252 2904 Μ.
277 2841 362 2904 Tullio
386 2841 523 2916 Cimone,
546 2841 581 2902 C.
607 2840 739 2916 Antonio,
763 2852 828 2901 anit
851 2837 992 2925 Christum
1012 2844 1065 2900 62.
1114 2840 1252 2904 Ciceronis

499 2925 851 3014 quadragestmusquartus

94 3035 178 3104 Cbm
192 3041 264 3104 Kal.
277 3031 425 3106 ianuariis
440 3043 478 3104 de
495 3058 579 3104 more
595 3035 793 3104 Consulatum
822 3040 931 3104 Cicero
955 3040 1073 3115 iniisset,
1102 3042 1176 3104 vidit
1204 3040 1251 3103 ni·

97 3129 143 3191 bil
153 3123 211 3192 eise
223 3129 307 3206 mali,
319 3129 402 3212 quod
411 3146 474 3192 non
488 3127 561 3191 boni
573 3142 755 3204 metuerent,
769 3131 800 3191 tr
815 3125 945 3212 improbi
955 3128 1174 3211 exspesiarent.
1205 3129 1252 3190 Eo

95 3215 177 3278 enim
188 3227 252 3279 tem
276 3231 327 3278 ore
342 3214 437 3279 multa
451 3217 539 3278 multi
555 3215 766 3290 moliebantur,
795 3232 830 3278 ac
850 3217 881 3277 ln
896 3216 1001 3300 primis
1011 3213 1142 3278 Tribuni
1155 3216 1252 3299 plebis

96 3303 236 3367 Antonio
249 3231 330 3380 lleti,
345 3300 578 3388 proscriptorum
600 3302 649 3366 is
671 3305 710 3366 lit
726 3302 846 3380 liberos,
873 3302 925 3386 qui
935 3301 1081 3387 petitione
1099 3301 1251 3365 honorum

95 3390 203 3474 privati
229 3407 326 3466 erant,
355 3387 393 3453 ad
408 3407 456 3453 rna
478 3381 596 3454 istratus
611 3325 809 3454 adsucebant.
840 3389 952 3452 Rullus
966 3391 1065 3475 legem
1087 3390 1252 3454 serebatde

95 3477 174 3563 agris
190 3493 245 3562 per
260 3473 377 3542 ltaliam
393 3411 573 3542 divitiendis:
597 3475 749 3540 Labienus
765 3486 869 3540 ronna
884 3476 1044 3540 Rabirium
1054 3476 1170 3540 tabulas
1182 3497 1252 3562 pro·

95 3563 244 3646 ponebat:
272 3567 424 3629 turnultus
439 3563 470 3630 in
483 3558 619 3628 lbeatro
634 3580 739 3628 contra
753 3563 911 3628 Othonem
929 3569 958 3628 tr
975 3565 1092 3648 equites
1101 3565 1252 3628 excitaba-

95 3659 155 3729 tur,
186 3653 299 3737 quibus
314 3649 374 3716 int
388 3655 454 3739 lege
469 3653 598 3730 saserat,
619 3665 652 3716 ut
664 3654 696 3714 in
733 3651 939 3715 mtumdecim
952 3653 1093 3738 gradibus
1104 3653 1136 3714 in
1149 3653 1252 3714 'Iber-

95 3743 306 3804 rrosederent:
321 3739 452 3804 Catilina
467 3739 505 3804 de
529 3741 689 3804 everrenda
704 3672 825 3824 liepub.
853 3739 1013 3825 cogitabat.
1044 3740 1156 3804 Athis
1185 3761 1252 3803 om-

96 3822 186 3890 nibus
199 3841 267 3892 tum
281 3828 358 3893 miri
372 3827 465 3890 animi
479 3824 668 3904 fortitudine,
683 3843 750 3890 tum
769 3825 936 3891 admirabili
950 3826 1123 3910 eloquentis
1140 3826 1251 3890 Cicero

95 3915 237 3980 occurrit.
252 3909 337 3979 Nam
354 3911 525 3980 Antonium
536 3909 678 4000 patientis
695 3919 725 3980 8ι
742 3913 887 3999 obsequio
901 3915 1061 4000 mitigavit,
1077 3915 1166 3997 eique
1181 3915 1252 3977 Ma·
1267 3963 1270 3967 «

93 4001 268 4080 cedoniarn,
280 4019 372 4088 quam
383 4003 502 4067 sortitus
518 4009 592 4079 erat,
607 4001 791 4087 provinciam
806 4003 924 4079 detulit,
937 4003 1050 4087 sibique
1063 4002 1196 4064 Galliam
1205 4003 1254 4062 as-

95 4087 231 4176 sumpfit,
247 4107 315 4173 quae
328 4092 465 4156 Antonio
479 4091 654 4156 obvenerat:
680 4087 914 4175 proscriptorum
924 4089 1032 4153 liberos
1042 4089 1102 4152 suis
1121 4089 1251 4161 inimici·

92 4173 156 4258 tiis,
180 4179 266 4244 nulli
279 4171 409 4244 Senatiis
421 4179 497 4244 mali
512 4179 614 4267 gratis,
630 4175 857 4265 magistratuum
867 4176 983 4242 honore
997 4177 1132 4263 priravit,
1153 4199 1203 4254 ne,
1229 4177 1251 4239 si
