2825 4775
176 244 217 286 η
402 210 443 278 ·ῑ·.·’ι
508 222 557 285 n.
579 220 730 289 nuum
752 223 982 296 cremorns

175 358 311 443 Pompeii
323 340 757 443 sententiam'secuti,‘ercepto
772 380 834 422 uno
848 361 970 440 Clodio,
981 366 1020 433 ab
1033 367 1124 433 exilio
1138 370 1318 446 Cimonem

175 450 359 510 revocarunt.
404 442 533 507 Senatlts
560 444 634 508 illud
654 446 836 510 Consultum
857 448 977 515 summo
991 455 1083 518 totius
1097 449 1202 541 populi
1214 462 1318 545 plaustr

177 538 208 597 ἃ
226 534 353 594 clamore
388 532 616 616 comprobatum
629 533 683 596 est.
728 532 874 600 Postridie
889 538 920 600 in
936 542 1018 603 curia
1035 543 1191 607 decretum
1204 548 1319 633 suitpo·

175 620 238 705 pul
254 618 420 694 admonitu,
436 620 555 703 nequis
570 622 607 684 de
620 622 699 683 coelo
711 622 848 699 servaret,
860 646 899 686 ne
913 630 981 708 quis
996 651 1112 693 moram
1124 636 1216 697 ullam
1231 639 1320 700 affer-

174 722 230 781 ret,
247 706 266 768 sr
283 708 350 790 quis
366 707 450 769 aliter
462 707 585 783 fecisset,
595 708 620 771 is
635 708 753 775 erersor
768 708 900 794 Reipub.
917 714 1086 780 haberetur.
1108 721 1321 808 ,Legemma-
1400 719 1401 776 l

173 794 312 879 gistratus
323 797 560 879 promulgarunt,
570 796 620 858 cui
648 791 727 857 solus
757 798 877 883 Appius
902 800 1028 881 Praetor,
1044 807 1167 890 duoque
1186 808 1322 875 Trlouni
1400 825 1401 832 ’

174 882 270 967 plebis
286 882 499 967 Quinctius&
516 882 586 944 Sex.
603 884 732 946 Attilius
749 886 893 949 adversati
908 888 989 968 sunt,
1004 893 1055 956 sed
1072 895 1190 960 frustri.
1234 899 1322 961 Nam

173 971 270 1053 pridie
282 970 365 1031 Non.
378 969 461 1032 Sext.
479 972 547 1032 crim
560 972 681 1033 comitia
697 974 863 1035 centuriata
871 975 1021 1042 Lentulus
1035 982 1149 1045 Consul
1165 985 1195 1046 in
1211 1007 1321 1071 campo

173 1056 289 1119 Martio
301 1057 437 1134 haberet,
454 1058 638 1122 dissuadente
648 1058 768 1135 Clodio,
783 1061 882 1145 legem
891 1062 971 1129 hanc
986 1066 1073 1132 suasit
1081 1069 1254 1156 Pompeius,
1269 1076 1324 1143 cui

194 1200 196 1204 ,
236 1148 304 1209 ulus
323 1143 475 1209 universus
490 1145 613 1208 affenstt.
658 1145 882 1228 Statimautem
901 1166 992 1234 atque
1006 1162 1148 1243 cognovit
1162 1161 1271 1224 Cicero
1281 1184 1322 1225 ex

172 1232 266 1295 heris
282 1234 323 1319 Q.
347 1234 445 1300 fmttis
470 1232 599 1295 mirilico
625 1234 764 1297 omnium
772 1231 872 1300 studio
886 1240 925 1304 de
938 1244 1038 1307 reditu
1060 1245 1159 1331 legem
1174 1245 1322 1332 perlatam
1400 1281 1401 1290 ¹

174 1322 242 1397 esse,
268 1320 458 1405 Dyrrhachio
473 1318 676 1381 Brundusium
696 1323 789 1398 venit,
804 1323 857 1387 ubi
871 1326 908 1389 ab
919 1326 1127 1397 honestiffunis
1139 1336 1253 1401 civibus
1271 1359 1322 1401 or-

174 1408 331 1470 natusest.
378 1406 440 1468 Iter
473 1408 574 1489 Appia
590 1408 636 1467 via
659 1407 792 1469 Romam
810 1417 912 1477 versbs
926 1415 1009 1480 fecit.
1053 1421 1135 1485 Toto
1143 1426 1252 1487 'autem
1267 1427 1321 1489 illo

172 1496 280 1556 itinere
292 1492 473 1556 incredibilis
489 1493 526 1553 ad
542 1514 613 1554 eum
629 1514 665 1554 ex
677 1496 818 1558 omnibus
833 1502 952 1583 oppidis
980 1510 1010 1569 sc
1023 1510 1149 1575 coloniis
1158 1512 1321 1577 concursus

129 1580 136 1592 “
173 1582 273 1645 fastus
288 1580 341 1659 est,
357 1597 391 1643 ut
407 1581 448 1641 illi
459 1579 589 1641 reditum
605 1584 837 1665 gratularentur.
881 1586 1202 1682 Veniebantundique
1218 1602 1320 1686 legati,

176 1674 205 1732 ἃ
222 1666 462 1754 patres-familias
473 1688 544 1728 cum
555 1669 735 1752 conjugibus
750 1674 766 1733 ὲ
782 1669 934 1735 domibus:
956 1685 1019 1740 tort
1032 1684 1134 1763 paffrm
1150 1687 1234 1750 ltalia
1251 1688 1322 1751 festi

121 1825 130 1849 f
173 1759 237 1819 dies
253 1756 487 1820 celebrabantur.
531 1753 627 1816 Porro
637 1758 673 1815 ad
689 1756 796 1818 urbem
812 1773 846 1818 ut
855 1760 949 1837 venit,
961 1766 999 1826 ad
1014 1787 1085 1827 eum
1100 1770 1229 1835 Senatus
1250 1776 1322 1835 uni·
1400 1837 1401 1844 ,

173 1842 274 1907 versus
289 1844 417 1929 egreli'us
427 1841 470 1903 est
480 1861 550 1903 cum
566 1842 690 1924 populu,
705 1856 740 1904 ut
749 1843 986 1911 conservatorem
1001 1850 1088 1916 suum
1099 1858 1223 1920 videret.
1238 1858 1320 1923 Cium

172 1933 339 2015 adponam
354 1930 508 2013 Capenam
517 1928 687 2004 advenisset,
710 1930 771 2011 qua
786 1934 948 2015 Appiaria
963 1940 1000 1999 ad
1017 1942 1121 2005 urbem
1138 1946 1232 2021 ducit,
1251 1968 1319 2033 gra-

173 2020 230 2080 dus
244 2019 426 2100 templorum
441 2016 478 2078 ab
493 2012 597 2077 infima
606 2015 801 2080 multitudine
815 2022 958 2105 completi
969 2024 1048 2105 sunt,
1068 2036 1158 2115 aqut
1169 2034 1320 2097 maximus

172 2106 293 2191 plausus
308 2106 395 2166 datus
410 2100 510 2177 elh&
539 2100 654 2165 summa
678 2104 818 2167 Ciceroni
839 2106 920 2171 sabla
943 2118 1115 2197 gratulatio:
1143 2122 1185 2181 ita
1204 2125 1320 2205 populo

172 2214 243 2257 eum
259 2194 427 2256 deducente
446 2190 483 2251 ad
505 2187 689 2272 Capitolium
711 2194 857 2276 peruenit,
882 2199 963 2257 unde
994 2202 1073 2267 iuter
1089 2209 1321 2274 acclamationes
1400 2249 1401 2286 t

172 2281 276 2367 populi
292 2281 328 2340 ad
344 2280 469 2341 domum
485 2295 538 2357 per
548 2275 652 2337 forum
663 2276 809 2341 reductus
823 2280 876 2342 est.

215 2366 360 2432 Postridie
371 2367 402 2429 in
413 2366 559 2428 Senatum
573 2364 666 2440 venit,
678 2364 729 2427 ubi
748 2370 776 2430 &
792 2367 928 2447 Senatui,
946 2376 976 2436 8t
996 2381 1109 2463 populo
1134 2385 1242 2470 gratias
1256 2387 1320 2473 agit

172 2463 206 2522 ei
220 2457 365 2532 oratione,
381 2476 448 2538 quae
464 2447 529 2534 post
545 2451 674 2514 reditum
684 2454 716 2515 in
730 2455 856 2531 Senatu,
873 2462 902 2520 dr
919 2461 1021 2539 alteri,
1036 2488 1105 2549 quae
1114 2473 1165 2534 Ad
1181 2473 1320 2558 Quirites

177 2544 355 2609 inscribitur.
400 2541 471 2604 Hoc
482 2538 659 2688 biduossm
674 2539 790 2604 summa
804 2545 875 2606 effet
894 2566 1020 2613 annonae
1036 2556 1153 2636 caritas,
1167 2561 1320 2624 tumultus

172 2634 287 2717 *aplebe
302 2630 468 2694 concitatus
479 2627 533 2700 est,
548 2648 569 2708 q
637 2629 752 2691 caedem
776 2635 804 2693 ἃ
822 2631 975 2697 flammam
989 2637 1125 2720 Senatui,
1145 2647 1197 2728 qui
1212 2648 1244 2710 in
1258 2646 1321 2710 Ca·

171 2722 277 2804 pitolio
291 2717 466 2792 habebatur,
481 2714 617 2776 minitata
632 2715 685 2777 est.
731 2717 878 2783 Cicerone
889 2721 1030 2787 suadente
1053 2728 1100 2790 lex
1126 2736 1322 2821 promulgata

170 2806 226 2883 est,
242 2821 276 2869 ut
290 2807 344 2889 pel·
352 2800 593 2887 quinquennium
605 2802 662 2864 Cn.
675 2802 1091 2889 Pompeioreisrumentariae
1106 2810 1234 2903 potestas
1252 2838 1320 2887 toto

168 2895 244 2957 orbe
263 2909 409 2956 terrarum
428 2891 648 2952 decerneretur.
693 2890 804 2955 Secuta
819 2895 862 2956 est
871 2897 980 2962 deinde
991 2921 1100 2987 magna
1111 2909 1264 2973 contentio
1278 2914 1320 2974 de

151 2981 327 3045 Ciceronis
341 2981 443 3054 domo,
459 2999 528 3062 quae
551 2982 568 3039 ὲ
593 2974 702 3039 Clodio
728 2981 897 3045 consecrata
925 2985 1033 3049 luerat.
1076 2990 1211 3077 Populus
1234 3001 1319 3064 enim

170 3069 303 3140 ,comitiis
313 3065 485 3131 centuriatis
494 3085 561 3128 eam
572 3065 679 3126 eodem
685 3067 755 3149 jure
767 3067 824 3130 effe
830 3071 962 3155 jusserat,
974 3096 1036 3158 quo
1044 3076 1153 3142 fuiflet.
1176 3081 1319 3164 Senatus,

157 3151 209 3217 'ut
223 3158 259 3220 de
275 3149 340 3248 ejus
349 3153 493 3238 religione
508 3154 544 3214 ad
559 3151 743 3214 Pontificum
755 3153 927 3243 Collegium
938 3161 1110 3241 referretur,
1121 3169 1224 3232 edixit.
1246 3173 1321 3260 Egit

171 3243 291 3306 causam
307 3243 389 3306 suam
404 3247 484 3302 tanta
498 3241 528 3301 vi
545 3239 666 3326 dicendi
685 3240 804 3318 Cicero,
820 3260 855 3307 ut
868 3268 994 3310 vacuam
1006 3253 1089 3313 omni
1103 3257 1157 3317 ieli
1179 3257 1248 3320 ione
1262 3264 1320 3323 do-

171 3349 258 3398 mum
274 3332 339 3420 ejus
349 3327 516 3404 ¹Pontifices
528 3325 703 3412 judicirint:
724 3351 760 3392 ea
784 3330 953 3418 sumptibus
976 3338 1103 3421 publicis
1116 3279 1318 3414 reditumest.

421 3469 575 3544 ANNUS
598 3471 730 3536 URBls
753 3472 969 3540 CONDITAE
991 3481 1065 3543 697.

173 3613 238 3700 Coffi
251 3617 301 3678 sn.
315 3611 434 3681 Cornelio
452 3611 573 3674 Lentulo
592 3613 773 3692 Marcellino,
796 3615 837 3678 L.
857 3617 976 3680 Marcio
998 3619 1137 3704 Philiopo,
1151 3636 1216 3686 ante
1235 3623 1320 3689 chri-

393 3699 474 3786 stum
487 3707 538 3764 55.
585 3703 719 3765 Ciceronis
733 3703 955 3794 quadragestmus
963 3711 1085 3790 primus.

215 3835 307 3897 Initio
328 3836 420 3924 hnjus
435 3839 506 3912 anni
516 3837 627 3904 Cicero
644 3845 729 3905 omni
740 3844 839 3908 studio
850 3846 882 3908 in
895 3847 926 3908 id
937 3847 1087 3926 incubuit,
1096 3865 1130 3913 ut
1140 3851 1218 3917 Pub.
1236 3854 1318 3918 Len·

170 3924 249 3997 tulo,
265 3924 317 4005 qui
331 3922 463 3988 Siciliam
479 3948 534 4009 pro
552 3925 684 3994 Consule
695 3931 860 4009 obtinebat,
877 3933 1035 3998 Ptolemaei
1058 3938 1154 4024 Regis
1177 3943 1320 4007 adnutu

171 4009 391 4074 decerneretur.
436 4012 512 4075 Pub.
528 4012 648 4079 Sextius
661 4025 677 4082 a
691 4018 739 4081 M.
763 4020 868 4083 Tullio
894 4022 1085 4087 Albinovano
1103 4029 1169 4113 lege
1195 4029 1320 4096 Lutatii

169 4098 208 4159 de
217 4098 245 4159 vi
256 4097 422 4182 postulatus
436 4099 505 4179 suit,
519 4119 641 4188 propter
651 4107 766 4172 caedem
777 4130 846 4191 quae
856 4131 937 4172 anno
950 4108 1111 4194 superiore,
1128 4117 1197 4177 clam
1211 4117 1249 4178 de
1265 4119 1320 4181 cia

166 4187 287 4251 neronis
301 4187 400 4254 reditu
414 4204 562 4282 ageretur,
575 4193 609 4257 in
623 4192 691 4260 loro
705 4193 787 4261 latta
802 4195 866 4274 -est3
880 4195 931 4262 sed
953 4196 1094 4268 defensus
1106 4204 1166 4267 suit
1187 4217 1255 4270 tum
1280 4205 1317 4268 ab

1398 4034 1402 4143 l
