2825 4775
407 280 435 331 γ
606 224 805 299 vtro.
1203 232 1255 300 xix

102 358 250 439 suaeffst,
267 360 340 443 quia
349 357 515 444 Tigranem
531 354 686 424 Anneoiae
694 356 774 441 regis
784 355 881 432 filium
892 359 1045 442 captivum
1056 359 1151 424 invito
1164 360 1256 425 Porn-

103 452 175 537 peio
190 448 373 513 muneribus
384 461 543 529 corruptus
558 440 715 520 liberiffet,
726 444 765 506 de
774 446 854 509 illius
870 448 971 509 reditu
986 455 1076 531 operi
1086 450 1255 513 amicorum

103 558 198 625 agere
220 538 324 621 coepit.
372 530 539 600 Refistente
563 531 671 597 trustra
691 530 812 609 Clodio,
835 536 948 617 placuit
968 534 1105 612 Senatui,
1123 536 1199 599 nihil
1221 539 1253 606 in

104 624 230 709 Repub.
255 625 431 697 decernere,
446 623 529 685 nulls
539 620 576 682 de
588 642 620 683 re
633 640 735 703 agere,
745 621 798 683 nili
808 623 891 705 prius
901 623 1010 690 Cicero
1018 624 1056 690 ab
1068 624 1158 687 exilio
1168 645 1255 689 revu-
1347 641 1352 646 ’

105 726 232 784 caretur.
282 711 402 797 Qprrto
417 709 486 773 Kal.
511 706 694 771 Novembris
709 706 782 774 odio
797 712 910 775 tribuni
925 711 1020 795 plebis
1043 712 1082 775 de
1097 710 1254 777 Ciceronis

105 800 203 865 reditu
223 800 325 884 legem
348 798 593 882 promulgarunt:
617 794 785 879 iisdemque
803 798 1002 864 referentibus
1023 798 1059 861 P.
1102 800 1254 865 Lentulus

104 886 220 955 Consul
234 886 408 973 defignatus
418 882 687 969 praeltantillrmmn
694 882 871 956 sententiam
883 888 922 951 de
936 886 1084 951 Cicerone
1095 888 1180 951 dixit

232 1024 235 1034 '
358 1025 512 1090 ANNUS
535 1024 667 1089 URBIS
691 1026 907 1091 CONDITAE
930 1038 1003 1096 696.

10 1220 12 1255 ι
104 1176 173 1265 Caffi
196 1174 238 1238 P.
255 1172 380 1241 Cornelio
393 1172 524 1248 Lentulo,
542 1172 588 1259 Q
601 1174 707 1237 Uecilio
718 1173 836 1235 Metello
851 1175 964 1259 Nepote,
973 1188 1037 1237 ante
1048 1174 1185 1266 ὦψαι
1200 1184 1242 1258 (6

342 1335 348 1345 Ι
480 1262 621 1325 Ciceronis
635 1262 883 1345 quinquageſsmus.
1055 1295 1061 1313 ·

147 1404 225 1467 Non
236 1401 320 1489 prbis
328 1402 479 1465 Lentulus
490 1420 562 1464 cum
576 1399 704 1465 Metello
720 1400 919 1465 Consulatum
932 1404 1029 1479 inivit,
1042 1410 1135 1486 qusm
1150 1407 1189 1468 de
1200 1404 1253 1469 Ci-

10 1538 12 1601 *
105 1489 587 1663 Qliel'llllnssllll
601 1490 1300 1644 ”illiarllllillllllllmelliss·

108 1664 270 1740 Cicerone,
284 1666 356 1728 nihil
371 1686 455 1729 more
469 1665 631 1749 majorum,
646 1664 722 1727 nihil
736 1664 864 1751 legibus,
876 1602 1007 1749 ideisque
1018 1668 1084 1752 lege
1098 1688 1160 1729 non
1175 1691 1194 1730 o
1216 1688 1253 1731 us

107 1754 176 1830 effe,
193 1768 227 1815 ut
240 1767 445 1829 revocaretur,
469 1767 504 1816 ut
518 1750 633 1815 censuit
647 1752 824 1834 Pompeius,
840 1767 874 1814 ut
887 1752 1017 1815 Senatiis
1027 1688 1253 1822 auctoritaie...

104 1840 217 1905 neficio
231 1842 340 1925 populi
356 1838 600 1915 firmaretur31es
616 1838 716 1903 subito
728 1839 870 1905 consesla
885 1842 966 1917 esset,
977 1841 1030 1903 nifi
1041 1841 1153 1905 Sextus
1169 1842 1252 1905 Atti-

103 1930 162 1992 lius
173 1926 190 1991 ὲ
203 1928 341 1992 factione
352 1926 463 2003 Clodii,
476 1929 521 1989 vir
530 1928 733 2003 turbulentus,
754 1950 816 1991 non
825 1928 912 1991 ausus
920 1929 1045 2011 quidem
1055 1928 1252 2005 intercedere,

104 2016 230 2081 nouem
245 2015 300 2079 sibi
324 2016 362 2079 ad
381 2015 608 2079 deliberandum
628 2015 806 2099 postulslset.
850 2016 913 2079 Sed
926 2022 995 2077 clun
1011 2016 1166 2100 perspedla
1180 2018 1252 2079 esset

102 2102 235 2171 Senatirs
260 2104 413 2180 voluntas,
437 2102 524 2167 causa
549 2104 586 2165 ad
619 2105 767 2187 populum
790 2124 852 2169 utu
867 2103 937 2167 Kal.
960 2103 1033 2167 Feb.
1055 2104 1153 2165 delata
1180 2104 1250 2167 suit.

103 2190 190 2255 Nihil
201 2212 265 2253 non
281 2186 410 2254 effecire
424 2189 576 2265 Clodiani,
592 2206 625 2251 ut
639 2190 798 2259 Ciceronis
811 2192 943 2255 reditum
958 2190 1161 2273 prohiberent.
1183 2190 1251 2275 lpse

103 2279 230 2343 Clodius
242 2276 376 2361 acceptis
391 2274 409 2339 b
423 2277 514 2340 fratre
530 2277 633 2361 Appio
650 2278 875 2362 gladiatoribus,
888 2299 966 2359 quos
980 2278 1012 2339 in
1030 2278 1136 2341 funere
1151 2278 1251 2341 Marci

102 2366 268 2458 propinqui
282 2365 329 2430 sui
345 2366 467 2428 dnurus
489 2380 564 2444 erat,
579 2366 611 2427 in
625 2364 852 2431 multitudinem
864 2365 1012 2449 impetum
1026 2363 1110 2430 secit.
1155 2366 1251 2428 Multi

102 2456 183 2520 cives
198 2476 271 2519 oum
297 2452 443 2516 Tribunis
460 2451 555 2536 plebis
580 2453 728 2516 vulnerati
742 2453 925 2530 sunt,·multi
939 2453 1037 2515 occifi.
1083 2455 1125 2538 Q
1142 2453 1251 2515 Cicero

102 2541 181 2607 inter
207 2543 352 2608 cadavera
375 2555 519 2624 tanquam
534 2540 648 2603 occisus
665 2541 774 2626 jacuit:
796 2538 1050 2617 mrdelillrmaein
1071 2537 1139 2599 soro
1153 2540 1251 2605 caedes

103 2631 195 2694 nde
213 2629 292 2692 sunt.
339 2627 429 2703 Milo,
452 2627 505 2711 qui
529 2627 647 2690 summo
672 2628 772 2690 studio
798 2622 979 2694 (heronem
1003 2623 1250 2708 prosequebatur,

104 2717 251 2782 Clodium
260 2715 341 2780 deri
357 2714 525 2800 postulavit.
546 2715 663 2778 Verbm
678 2715 710 2783 in
723 2712 874 2799 judicium
886 2735 947 2776 non
957 2712 1106 2776 addudlus
1115 2711 1169 2789 est,
1179 2716 1252 2796 quia

104 2804 203 2868 creati
223 2805 355 2889 nossum
373 2801 547 2890 Quaestores
571 2817 666 2878 erant,
678 2823 819 2886 perquos
834 2801 947 2864 sortitio
963 2800 1102 2886 judicum
1118 2800 1183 2863 fieri
1197 2801 1251 2864 de·

15 2960 21 2986 ‚
105 2889 210 2956 bebat.
254 2886 356 2976 Quare
371 2895 441 2953 clim
456 2889 535 2952 Milo
549 2890 664 2954 videret
675 2891 792 2976 judicio
806 2892 908 2954 locum
923 2910 984 2952 non
1000 2889 1069 2964 elle,
1083 2910 1122 2951 ne
1147 2891 1251 2952 omnia

105 2978 228 3044 interim
244 2977 370 3128 Cquliius
381 2977 579 3062 perturbaret,
587 2978 697 3062 emptis
709 2978 933 3064 gladiatoribus,
948 2977 1015 3062 ejus
1024 2973 1141 3040 furores
1154 2980 1182 3040 &
1196 2998 1249 3039 co·

102 3081 191 3132 natus
206 3088 237 3132 re
261 3087 294 3133 re
328 3080 350 3130 t.

147 3090 327 3238 Anteclultm
343 3166 443 3217 autem
459 3153 497 3216 de
511 3151 666 3216 Ciceronis
678 3153 777 3216 reditu
791 3151 936 3216 sententia
947 3150 1086 3227 serretur,
1101 3150 1137 3214 iis
1148 3150 1251 3213 civita·

103 3243 184 3306 tibus
202 3242 312 3328 gratias
326 3241 456 3327 agendas
467 3240 525 3304 elle
539 3240 669 3304 Senatus
683 3240 809 3317 censuit,
831 3262 900 3326 quae
911 3239 960 3302 M.
974 3239 1114 3300 Tullium
1127 3258 1249 3322 recepe-

103 3345 183 3393 rant:
206 3329 339 3392 decrevit
352 3329 454 3404 etiam,
471 3328 571 3412 utqui
585 3329 753 3412 provincias
764 3349 839 3404 cum
860 3326 987 3409 imperio
1001 3325 1188 3402 obtinebant,
1203 3325 1248 3388 sa·

102 3417 199 3480 lurein
226 3417 364 3482 &vitam
380 3415 535 3478 Ciceronis
557 3415 752 3492 custodirent,
777 3421 805 3477 &
820 3413 1009 3489 cunoamjn
1024 3413 1139 3475 Italiam
1154 3414 1247 3475 literae

103 3503 285 3568 Consulares
306 3505 508 3580 mitterentur,
524 3516 558 3564 nt
574 3505 628 3586 qui
641 3503 753 3588 Rernp.
777 3503 885 3565 salvam
900 3501 957 3564 else
970 3502 1083 3572 tollent
1096 3521 1244 3563 convoca·
1271 3512 1304 3573 f,

102 3607 219 3666 rentur,
241 3605 274 3654 ut
288 3591 326 3655 de
347 3591 494 3654 Cicerone
509 3607 655 3675 ageretur.
701 3589 784 3654 Ciam
809 3591 901 3674 igitur
925 3611 963 3652 ex
987 3589 1128 3652 omnibus
1152 3588 1247 3651 Italiac

102 3679 237 3764 partibus
267 3693 351 3740 tanta
379 3679 554 3754 multitudo,
578 3691 690 3760 quanta
706 3700 875 3760 nunquam,
898 3677 1032 3740 Romam
1050 3675 1248 3750 confluxisset,

101 3767 253 3830 Lentulus
267 3765 415 3830 Senatum
426 3767 458 3827 in
469 3765 654 3848 Capitolium
670 3764 858 3828 convocavit.
903 3763 1081 3835 adfuerunt
1087 3762 1248 3826 Senatores

102 3853 320 3939 quadringenti
338 3857 367 3916 δι
384 3851 523 3936 amplilas.
555 3853 601 3938 Q.
627 3853 733 3937 Nepos
743 3852 857 3916 Consul
866 3851 1018 3934 almiflui
1032 3851 1172 3951 Ciceroni
1186 3865 1250 3914 erat

100 3941 260 4016 iniurium,
268 3955 335 4004 tum
346 3939 476 4005 Senatlrs
485 3940 674 4018 sonoritate,
687 3955 755 4004 tum
763 3940 842 4005 Pub.
850 3939 968 4004 Servilii
977 3953 1119 4024 gravitate
1129 3938 1250 4000 dicendi

102 4043 276 4114 permotus,
294 4050 364 4092 cum
380 4029 427 4092 Μ.
443 4027 547 4090 Tullio
557 4027 661 4092 absens
675 4029 764 4093 rediit
776 4028 809 4091 in
822 4026 1003 4112 gratiamne
1014 4048 1069 4110 pro
1083 4048 1121 4088 eo
1134 4023 1250 4086 mitisli-

83 4137 188 4180 mam
225 4113 332 4180 babuit
356 4117 532 4178 orationem.
576 4115 740 4198 Pompeius
763 4116 803 4178 de
830 4115 940 4200 scripto
965 4113 1141 4178 sententiam
1163 4111 1250 4186 dixit,

102 4204 221 4289 utrique
233 4203 376 4270 Ciceroni
396 4203 585 4288 Reipublicae
609 4204 790 4276 conservate
807 4201 1013 4271 testimoninm
1026 4201 1122 4266 dedit:
1143 4219 1251 4264 omnes
