2825 4775
575 198 757 277 vira.

352 424 658 491 ANNUS'URBIS
681 424 894 491 CONDITAE
908 430 989 495 569.

213 536 281 626 Caffi
297 538 401 625 iisdem,
422 538 634 627 anteChnstum
650 544 702 601 83.
715 542 854 605 Ciceronis
864 542 1125 627 uigeſsmastertinr.

141 652 233 738 Sylla,
241 650 332 715 rebus
341 652 510 739 compositis
518 652 551 715 in
562 652 642 728 Ata,
652 652 1073 738 civitatesejusinpmsincias
1083 656 1245 744 descripfit,

95 756 198 822 atque,
222 738 264 800 ibi
279 739 401 803 Muraen
413 748 429 805 s
442 740 549 803 relisis
564 762 634 803 cum
649 739 767 803 duabus
774 738 913 805 limbriae
926 742 1107 828 legionibus,
1129 746 1189 830 ipse
1209 747 1243 811 in

96 828 263 903 Graeciam,
286 848 320 890 ac
335 828 404 891 inde
420 829 450 890 in
465 828 581 890 Italiam
596 826 724 913 trajecit,
745 830 868 891 extortis
882 836 968 893 antea
982 832 1106 914 pervim
1122 832 1242 917 publici

94 914 299 999 priuatimque
310 916 455 998 pecuniis,
464 937 538 999 quas
549 916 656 999 partim
667 914 719 978 fibi
727 914 887 978 adbellum
896 916 1054 1002 assumpsit,
1064 923 1171 1003 partim
1186 924 1245 984 mi-

96 1000 200 1065 litibus
210 1001 370 1065 distribuit.
403 1002 486 1066 Ciam
498 1018 598 1065 autem
606 1001 752 1065 hostiliter
762 1004 800 1065 ad
809 1003 914 1065 urbem
925 1006 1051 1082 veniret,
1062 1008 1186 1072 missosa
1199 1009 1244 1073 se-

99 1102 170 1153 natu
185 1090 300 1175 legatos
315 1111 376 1152 non
387 1090 512 1153 audivit:
534 1113 580 1168 ac,
603 1088 674 1153 cium
686 1090 714 1153 ei
736 1088 835 1154 Cinna
855 1092 945 1152 vellet
964 1113 1130 1169 occurrere,
1153 1096 1244 1159 aluis

98 1176 248 1240 confossus
262 1175 315 1240 est.
340 1176 473 1261 Reliquo
487 1198 567 1240 anno
581 1177 660 1239 solus
675 1176 775 1240 Carbo
790 1177 977 1241 consulatum
992 1179 1085 1264 gellit.
1124 1181 1243 1245 Totum

99 1278 199 1327 autem
214 1262 273 1326 hoc
288 1264 463 1341 triennium,
486 1287 548 1349 quo
558 1264 596 1327 ab
610 1264 700 1327 annis
715 1265 833 1327 cessavit
843 1264 956 1341 civitas,
967 1266 1074 1329 nostes
1091 1270 1120 1331 dr
1139 1268 1243 1332 diesin

97 1351 182 1414 omni
196 1350 404 1415 dostrinarum
419 1353 614 1415 meditatione
628 1350 760 1415 venatus
774 1351 816 1421 est
832 1352 952 1430 Cicero,
975 1367 1010 1415 ut
1022 1354 1064 1416 ait
1078 1354 1110 1417 in
1124 1355 1219 1419 Bruto
1235 1380 1243 1419 :

96 1454 161 1502 erat
176 1458 247 1501 cum
255 1437 512 1515 StoicoDiodoro,
523 1439 659 1523 quiapud
665 1460 737 1501 eum
744 1438 897 1516 habitavit,
911 1442 1244 1525 &apudeummortuus

98 1524 153 1589 est.
176 1526 251 1611 Ejus
258 1524 370 1591 artibus
380 1527 469 1591 variis
480 1529 520 1589 ita
529 1541 590 1589 erat
599 1526 730 1603 deditus,
745 1540 779 1589 ut
793 1526 831 1591 ab
839 1528 974 1590 oratoriis
982 1530 1244 1595 exercitationibus

98 1612 382 1677 nullusdiesvacuus
393 1615 473 1677 esset.
489 1614 758 1678 Commentabatur
768 1614 961 1677 declamitans
970 1613 1243 1699 saepecumPisone,

102 1704 134 1764 ἃ
144 1720 215 1763 cum
227 1700 267 1785 Q.
276 1700 435 1785 Pompeio,
450 1716 501 1765 aut
516 1722 586 1764 cum
602 1702 703 1785 aliquo
713 1702 860 1783 quotidie,
869 1703 960 1784 idque
969 1702 1097 1766 faciebat
1111 1702 1244 1767 multirm

95 1786 189 1851 etiam
198 1786 317 1864 Latine,
333 1789 384 1851 led
399 1786 508 1853 Graece
523 1786 642 1873 saepiirs,
657 1802 724 1851 tum
739 1789 810 1871 quia
825 1788 933 1851 Graeca
948 1791 1043 1852 oratio
1057 1792 1143 1873 plura
1157 1812 1245 1855 otm-

96 1888 200 1939 menta
214 1873 432 1959 suppeditabat,
444 1880 472 1940 &
485 1876 617 1939 similiter
626 1876 745 1939 dicendi
756 1874 1004 1940 consuetudinem
1015 1877 1168 1940 afferebat:
1177 1894 1244 1943 tum

95 1964 169 2046 quia
183 1962 382 2028 arbitrabatur
397 1962 481 2048 qubd
497 1972 514 2027 a
528 1962 647 2027 Graecis
662 1962 787 2025 summis
801 1964 1000 2040 Dabloribus,
1011 1964 1064 2025 nist
1077 1964 1188 2029 Graece
1197 1968 1244 2028 di·

96 2062 189 2126 ceret,
204 2072 306 2134 neque
317 2052 425 2137 corrigi
439 2052 544 2135 pollet,
559 2072 657 2133 neque
677 2050 788 2113 doceri.
812 2052 941 2113 Aratum
960 2051 1090 2113 versibus
1103 2052 1245 2115 hexame-

96 2136 151 2201 tris
161 2136 485 2221 edidit,Xenophontis
497 2138 737 2201 OEconomicum
745 2134 763 2200 ὲ
772 2137 883 2200 Graeco
891 2137 1029 2201 sermone
1044 2139 1076 2199 in
1087 2139 1243 2216 Latinum,

96 2240 132 2287 ut
147 2223 246 2287 scribit
260 2224 468 2309 Hieronymus
480 2225 510 2285 in
526 2224 700 2307 praefatione
727 2225 758 2284 in
781 2223 900 2285 Eusebii
929 2224 1090 2301 Chronica,
1111 2225 1245 2289 Platonis

95 2310 326 2396 libmsaliquos,
351 2310 591 2396 &Protagoram
606 2308 761 2372 convertit.
809 2308 818 2319 ”

353 2483 506 2549 ANNUS
527 2483 660 2548 URBIS
679 2483 897 2548 CONDITAE
917 2491 991 2549 670.

101 2596 169 2690 Coffi
184 2603 225 2664 L.
243 2600 364 2664 Cornelio
380 2601 500 2685 Scipione
509 2601 639 2686 Astatiae,
655 2605 686 2662 C.
699 2601 831 2662 Norbano
844 2599 952 2677 Flacco,
962 2613 1028 2662 ante
1039 2599 1176 2688 Chrssurn
1189 2609 1229 2664 82

461 2713 597 2775 Ciceronis
605 2713 886 2798 vigeſsrnnrquartus.

145 2823 292 2890 Consules
305 2827 425 2912 unique
440 2826 540 2892 Carbo
562 2841 665 2890 contm
687 2825 801 2911 Syllam
824 2849 895 2890 cum
917 2825 976 2888 suis
998 2825 1246 2912 copiisprosedli

96 2915 187 2978 sunt:
210 2935 257 2990 ac,
277 2913 346 2978 licet
370 2916 431 3000 ipse
453 2914 483 2978 se
505 2915 599 2997 aequis
614 2913 837 2978 conditionibus
858 2913 1069 2976 descensurum
1080 2916 1119 2976 ad
1140 2936 1245 2999 pacem

94 3001 267 3078 testaretur,
289 3001 701 3088 contraconsulespugnauit,
718 3006 924 3084 &utrumque
938 3002 1115 3087 profligavit.
1146 3001 1246 3064 Carbo

94 3091 135 3152 ad
151 3089 260 3154 urbem
275 3090 375 3166 rediit,
398 3090 571 3173 effecitque,
593 3103 627 3151 ut
642 3088 735 3174 Sylla,
761 3092 790 3154 ἃ
807 3088 860 3172 qui
872 3088 938 3173 ejus
954 3087 1115 3172 apartibus
1131 3089 1247 3151 stabant

92 3175 197 3240 hostes
209 3184 224 3240 *a
238 3175 355 3240 Senatu
366 3177 582 3262 judicarentur.
627 3177 698 3240 Hoc
719 3177 827 3239 eodem
841 3191 978 3258 tempore
993 3171 1179 3259 Capitolium
1199 3175 1246 3238 in·

95 3263 224 3328 censum
239 3261 300 3334 fuit
314 3264 401 3328 annis
410 3261 472 3328 fere
487 3265 594 3350 viginti
608 3278 678 3328 ante
693 3261 831 3326 Catilinae
842 3263 1090 3347 conjurationem.

296 3459 299 3468 ·
353 3437 507 3504 ANNUS
529 3437 661 3503 URBIS
680 3435 898 3502 CONDITAE
919 3438 993 3500 671.

97 3555 167 3642 Coffi
185 3558 238 3619 Cn.
255 3553 376 3638 Papirio
390 3555 520 3632 Carbone,
554 3559 604 3618 Cn.
622 3553 726 3617 Maria
750 3553 929 3630 Gratidiano,
960 3566 1024 3614 ante
1042 3551 1180 3640 Christum
1204 3559 1243 3616 81

460 3671 595 3733 Ciceronis
610 3667 754 3755 vigestmus
767 3671 890 3754 quintia.

145 3779 245 3846 Carbo
252 3781 375 3846 tertibm
384 3781 486 3846 sadus
500 3783 543 3846 est
553 3781 665 3848 Consul
677 3801 749 3845 cum
758 3783 859 3846 Mario
868 3781 1058 3858 Gratidiano,
1073 3803 1164 3866 quem
1177 3779 1247 3840 Ma-

97 3867 163 3930 rias
174 3869 281 3954 septies
295 3868 410 3934 Consul
419 3871 579 3956 adoptavit.
613 3869 642 3932 Is
657 3877 761 3953 parum
770 3870 898 3933 feliciter
907 3891 979 3932 cum
993 3871 1075 3957 sylla
1091 3867 1246 3954 pugnavit,

96 3953 249 4040 rebt'tsque
260 3956 432 4041 desperatis,
448 3957 500 4020 fibi
515 3958 567 4041 ipfi
582 3977 688 4020 manua
698 3959 809 4020 intulit.
832 3957 953 4021 Indead
963 3959 1069 4021 urbem
1079 3957 1161 4042 Sylla
1173 3975 1245 4018 con-

98 4045 208 4119 tendit,
233 4042 285 4105 ubi
300 4045 454 4108 commisso
477 4046 580 4129 praelio
603 4045 759 4130 silogiuta
781 4045 939 4108 hominum
963 4045 1056 4108 millia
1070 4045 1189 4116 cecidit,
1214 4045 1244 4103 dr

98 4129 265 4196 duodecim
276 4130 369 4196 millia
380 4132 412 4198 se
425 4131 534 4198 victora·
549 4129 704 4198 dedirunt.
728 4133 807 4197 Fuso
821 4133 967 4198 Carbonis
982 4133 1126 4210 exercitu,
1148 4131 1246 4193 villos
