2825 4775
283 255 460 324 onnTto
473 253 571 322 PRO
591 253 632 320 T.
656 250 801 320 ANNIO
821 250 1005 322 MILONE.
1100 277 1103 289 ·
1154 261 1221 324 840
1242 252 1268 325 ’,

75 387 134 452 mi:
151 409 215 452 non
229 391 305 454 male
320 391 483 476 aliquando
498 390 599 453 deme
614 388 726 465 meriti,
747 387 800 451 sed
813 378 932 474 semper
943 381 1070 474 optim&
1091 381 1184 468 Nulg

74 477 140 539 lum
156 499 303 562 unquam,
316 478 450 556 ludices,
466 478 541 541 mihi
550 491 670 541 tantum
682 477 820 540 dolorem
835 497 850 540 s
867 475 996 541 inuretis
1008 473 1087 562 (etsi,
1103 475 1172 560 quis

73 563 173 648 potest
199 565 256 628 elle
279 565 416 652 tantusi)
444 565 494 630 sed
509 587 548 629 ne
570 565 656 628 huno
668 565 793 649 quidem
817 562 928 649 ipsum,
953 579 993 628 ut
1006 562 1172 641 obliviscar,

72 653 182 732 quanti
196 673 245 714 me
259 651 374 738 semper
387 653 535 718 feceritis:
564 653 669 738 quaesr
685 673 739 716 vos
761 655 843 738 cepit
867 652 990 729 oblivio,
1018 666 1071 715 aut
1086 651 1107 714 si
1121 651 1153 714 in
1167 655 1218 714 ΒΟ

73 757 126 801 mc
151 741 263 822 aliquid
289 741 463 817 offendistis,
492 761 549 806 cur
572 763 635 805 non
656 741 690 803 id
705 770 717 789 α
734 761 804 804 meo
829 741 928 825 capite
949 738 1171 822 postolatur,
1290 738 1293 742 ’

70 833 164 908 quim
190 827 338 892 Milonis?
361 827 512 903 ,Praeclare
535 829 619 891 enim
643 831 758 905 vixero,
787 827 809 889 fi
834 829 910 912 quid
931 825 1008 889 mihi
1030 826 1172 890 acciderit
1206 827 1213 834 '

69 909 164 996 prids,
191 935 284 997 quim
298 915 356 978 hoc
371 931 491 979 tantum
506 915 578 978 mali
591 911 718 979 videro(
735 915 829 978 Nunc
852 935 903 977 me
923 935 984 976 una
1007 913 1172 976 consolatio

71 997 223 1078 sustentat,
254 1006 336 1086 quod
350 1004 416 1078 tibi,
433 1000 453 1066 ὃ
468 1003 508 1064 Τ.
540 1003 636 1077 Anni,
666 1003 786 1066 nullum
801 1010 878 1065 ime
897 1002 1019 1075 amoris,
1050 1000 1170 1064 nullum

68 1083 167 1164 sludii,
181 1091 301 1153 nullum
312 1091 431 1176 pietatis
440 1089 578 1153 officiu'in
589 1088 696 1152 defuit.
731 1090 797 1176 Ego
805 1088 977 1152 inimicitias
987 1091 1158 1173 potentium
1170 1093 1212 1150 85

64 1189 124 1258 ¹pro
138 1188 168 1238 te
182 1177 334 1262 appetivi:
363 1199 421 1264 ego
436 1197 540 1241 meum
555 1175 632 1262 saepe
647 1197 757 1262 corpus
784 1180 814 1241 δι
835 1176 930 1239 uitam
955 1175 1057 1260 objeci
1081 1175 1172 1238 armis

68 1259 261 1327 inimicorum
286 1280 430 1328 tuorum:
463 1285 520 1350 ego
544 1285 594 1327 me
622 1265 762 1348 plurimis
786 1283 841 1348 pro
869 1277 901 1327 te
925 1261 1092 1348 supplicem
1117 1263 1170 1325 ab·

65 1347 141 1433 jeci:
170 1350 263 1428 bona,
291 1351 429 1415 fortunas
443 1372 525 1414 meas
539 1374 574 1415 ac
588 1351 764 1415 liberorum·
779 1372 917 1414 meorum
931 1351 964 1412 in
976 1351 1170 1414 communioa

67 1455 136 1498 nem
151 1451 276 1502 tuorum
291 1453 464 1522 temporum
478 1439 612 1502 contuli:
634 1439 692 1503 hoc
708 1437 917 1524 deniqueipso
926 1440 988 1514 die,
1014 1438 1034 1500 st
1050 1459 1110 1521 qua
1121 1437 1169 1502 ris

68 1522 108 1584 ell
124 1542 238 1608 parata,
269 1525 365 1610 fiqua
387 1526 541 1589 dimicatio
560 1527 668 1611 capitis
685 1525 800 1602 futura,
827 1525 968 1610 deposco.
1000 1527 1092 1612 Quid
1101 1527 1212 1612 jam90

67 1609 157 1673 restat
169 1615 181 1676 l
203 1612 277 1696 quid
291 1612 388 1676 habeo
402 1615 485 1697 quod
502 1614 616 1691 dicem,
631 1615 715 1698 quod
728 1613 838 1678 faciam
852 1634 908 1699 pro
921 1613 983 1676 tuis
998 1613 1028 1676 in
1039 1635 1089 1676 ree
1103 1635 1169 1676 me-

63 1698 140 1774 ritis,
164 1699 222 1762 nist
235 1715 270 1764 ut
283 1722 349 1764 eam
364 1699 529 1778 fortunam,
553 1723 750 1788 quaecunque
764 1703 821 1764 erit
833 1716 897 1778 tua,
921 1702 1036 1765 ducam
1048 1701 1167 1776 meam?
1200 1736 1206 1746 ·

64 1783 138 1848 Non
152 1787 270 1864 recuso,
284 1809 347 1852 non
360 1785 603 1873 abnuot'vosque
617 1789 752 1865 obsecro,
773 1789 789 1855 J
793 1789 906 1865 udices,
921 1802 956 1852 ut
965 1788 1061 1852 vestra
1074 1788 1167 1875 bene·

67 1871 146 1975 ficia,
176 1875 293 1959 quaein
307 1897 357 1942 me
369 1875 632 1978 contulistis,·aut
645 1877 677 1939 in
691 1877 783 1963 hujus
798 1876 892 1940 salute
906 1878 1052 1964 augeatis,
1065 1879 1165 1942 autin
1196 1931 1220 1961 e·
1274 1931 1284 1954 ,

66 1960 687 2134 ῗέιῖἶῖἶῖῑιῖῗὲἓῗιέἓῗιὶἶέιῖἰ5ἓίἷῖῗέ
701 1963 1209 2139 altissimis?

66 2151 119 2214 tat,
131 2137 186 2204 ubi
199 2141 304 2203 virtuti
315 2161 379 2203 non
396 2141 430 2202 lit
441 2141 548 2206 locus:
562 2155 692 2204 mortem
707 2157 823 2204 naturae
837 2137 932 2204 finem
941 2139 1010 2216 effe,
1025 2159 1088 2204 non
1097 2163 1165 2225 pos-

64 2245 142 2288 nam.
165 2222 213 2291 Sit
226 2228 278 2292 hic
290 2226 449 2304 cimente,
478 2235 537 2312 qul
551 2243 639 2290 natus
654 2225 718 2302 ests
741 2225 841 2310 quid?
869 2248 924 2290 ros
938 2225 1072 2304 ludices,
1100 2243 1163 2311 quo

65 2315 181 2378 tandem
195 2317 301 2379 auirno
316 2315 421 2381 eritis?
460 2315 638 2379 memoriam
653 2313 781 2378 Milonis
792 2313 971 2391 retinebitis,
987 2315 1087 2400 ipsum
1096 2315 1163 2401 &Ji-

65 2401 166 2468 cietis?
184 2408 212 2469 u
229 2405 291 2467 erit
304 2404 424 2490 dignior
436 2405 521 2467 locus
532 2404 659 2467 interris
672 2403 765 2477 ullus,
787 2402 840 2485 qui
853 2401 932 2467 hanc
946 2404 1090 2483 uirtutem
1104 2410 1206 2466 ex·¹⁰⁰

64 2490 160 2573 cipiat,
181 2490 279 2577 quem
289 2491 339 2555 hic
352 2492 405 2577 qui
419 2488 611 2575 procreavit?
627 2488 705 2565 Vos,
719 2509 773 2552 vos
784 2491 913 2573 appello,
928 2490 1076 2556 sortiilimi
1091 2490 1160 2567 viri,

64 2578 113 2659 qui
123 2582 258 2643 multum
278 2600 333 2664 pro
347 2580 499 2663 republica
512 2578 689 2665 sanguinem
699 2574 864 2641 effudistis!
889 2598 944 2640 ros
955 2580 987 2638 in
1000 2578 1057 2657 viri
1072 2580 1103 2640 dr
1126 2578 1160 2639 in

63 2665 130 2729 citis
141 2667 378 2751 invidtiappello
387 2666 536 2751 periculo,
558 2664 762 2740 centuriones,
784 2663 896 2748 vosque
909 2665 1044 2728 milites:
1073 2663 1160 2728 vobis

63 2774 121 2815 non
134 2756 224 2820 modo
237 2752 487 2839 inspectantibus,
509 2752 560 2816 sed
574 2752 666 2816 etiam
677 2752 810 2827 armatis,
833 2751 946 2815 &huic
957 2750 1075 2839 judicio
1082 2771 1162 2836 prae·
1208 2771 1211 2774 ’
1263 2761 1266 2776 ²

62 2839 228 2920 fidentibus,
251 2841 316 2904 haec
336 2856 419 2905 tanta
435 2841 529 2905 virtus
546 2862 583 2903 ex
597 2838 654 2903 liic
670 2840 744 2903 urbe
757 2838 943 2922 expelletur?
973 2840 1211 2911 extermina-¹⁰5,

62 2926 158 2994 bitur?
180 2927 385 3017 projicietur?
416 2928 436 2991 ὃ
458 2948 507 2991 me
525 2926 686 3011 miserum?
714 2928 804 2990 dme
818 2921 990 2991 infelicem!
1017 2948 1157 2993 revocate

62 3028 94 3077 tu
107 3038 154 3081 me
168 3018 199 3082 in
213 3018 356 3104 patriam,
371 3016 462 3093 Milo,
476 3016 600 3101 potuisti
614 3038 668 3099 per
680 3014 756 3079 hos?
767 3036 825 3101 ego
836 3029 866 3078 te
876 3016 909 3078 in
922 3015 1024 3101 patris
1029 3038 1085 3101 per
1091 3016 1157 3081 eos-²
1191 3023 1197 3097 j

41 3122 43 3129 ’
61 3102 127 3169 dem
140 3108 272 3171 retinere
286 3124 349 3167 non
363 3102 485 3188 potero?
510 3104 597 3191 Quid
614 3102 800 3188 respondebo
820 3102 921 3167 liberis
944 3104 1031 3180 meis,
1052 3106 1107 3189 qui
1125 3118 1157 3169 tc

65 3207 211 3272 parentem
223 3194 355 3257 alterum
366 3190 492 3275 putant?
504 3190 578 3275 quid
589 3190 809 3278 tsssi,Q.srater,
820 3190 874 3274 qui
882 3192 1055 3266 nuncabes,
1066 3198 1072 3241 i
1084 3212 1172 3254 con·v

61 3277 124 3341 sorti
135 3302 259 3345 mecum
273 3294 447 3365 temporum
456 3274 596 3342 illorum?
616 3294 740 3343 menon
754 3278 881 3364 potuisse
890 3252 1167 3429 Milonissalfflfl
1170 3286 1200 3336 1⁰
1221 3288 1226 3303 '

57 3368 133 3430 tueri
143 3390 196 3453 per
211 3366 344 3445 eisdem,
368 3388 424 3453 per
437 3380 514 3451 quos
529 3365 660 3431 nostram
675 3366 726 3431 ille
739 3362 892 3432 servisset?
914 3378 946 3427 at
955 3365 987 3428 in
998 3364 1059 3449 quai
1139 3364 1154 3386 ”

60 3472 118 3517 non
131 3454 276 3539 potuisse?
291 3476 360 3541 quae
371 3454 414 3519 est
423 3469 507 3541 grata
517 3454 672 3541 gentibus;
687 3452 827 3538 iquibss
833 3474 899 3515 non
910 3450 1062 3535 potuisse?
1075 3526 1081 3536 κ
1118 3474 1155 3518 us

61 3543 110 3623 qui
120 3545 249 3609 maxime
259 3542 360 3608 Clodii
373 3556 472 3606 morte
486 3544 682 3626 nequierunt,
694 3562 758 3625 quo
766 3538 965 3625 deprecante?
985 3561 1045 3603 me.
1058 3540 1157 3628 Quod

59 3646 125 3693 uam
133 3651 191 3717 ego
202 3631 327 3717 concepi
339 3644 457 3695 tautum
466 3628 579 3694 scelus?
592 3642 645 3695 aut
653 3630 737 3715 quod
747 3628 780 3692 iu
788 3640 967 3716 metantum
975 3626 1093 3695 facinus
1101 3630 1154 3694 ad·
1219 3704 1223 3713 ¹

220 3762 387 3851 sirfferetir.
431 3764 527 3827 emes
538 3768 631 3827 morae.
675 3765 683 3813 i
697 3762 771 3865 socio
781 3760 1031 3853 meaculamitatis.

88 3896 125 3944 st.
145 3896 298 3958 optastis]
319 3896 347 3945 ru
367 3902 413 3957 est,
438 3897 526 3958 mquid
543 3896 610 3944 nve-
674 3900 714 3945 ss.
732 3894 836 3955 Arm]
852 3896 937 3947 cicero
946 3911 1042 3960 emper
1057 3898 1134 3947 ems
1147 3897 1200 3947 m·

59 3956 273 4011 sutisoffensionts.
536 3977 541 3985 ·
639 3963 688 4010 loni
699 3962 724 4009 iu
738 3962 854 4022 petitione
869 3964 1019 4025 emulatus,
1039 3959 1095 4013 trost
1112 3964 1199 4024 uptus

79 4024 125 4093 ἱ85.
147 4026 284 4075 Inimicitias
291 4020 437 4089 potentium]
469 4026 555 4083 'l'tmtnx
562 4024 609 4073 suit
640 4026 723 4075 Clodio
733 4026 806 4074 armis
816 4027 888 4076 merit
894 4028 955 4075 Milo
964 4027 1092 4089 appetitus

59 4085 174 4146 Ciceronis
184 4091 210 4139 in
221 4091 338 4139 Milonem
349 4089 462 4147 amicitis,
482 4096 509 4137 ut
529 4104 606 4151 nequo
670 4092 709 4139 89.
732 4089 984 4152 Τειιρονιιηι.)οὶοοῐο
992 4090 1119 4151 signimst,
1129 4102 1197 4139 oum·

58 4148 169 4212 Clodiani,
192 4168 269 4219 neque
287 4154 423 4215 Pompeius,
443 4153 483 4213 qui
504 4154 608 4203 infensas
639 4155 762 4203 municare
779 4168 863 4208 noum
875 4154 1198 4210 mumurant-

55 4220 104 4259 erst
121 4216 213 4276 Miloni,
231 4220 351 4267 deterrere
367 4230 424 4265 eum
437 4220 558 4279 potuerint
577 4218 609 4269 ab
639 4219 837 4273 mensuum.

54 4274 97 4326 lle
111 4280 206 4332 lidonis
215 4280 516 4346 dmmionesoseipteodt
