2825 4775
183 277 262 333 ru
531 260 754 348 unnim
775 258 1006 327 nicanorus

241 397 323 461 beati
341 394 479 479 putandi,
500 394 638 476 quamvis
666 392 877 456 consenuerint
891 390 980 467 vires,
992 402 1081 473 atque
1094 388 1271 473 defecerint:
1284 392 1334 455 etsi

242 485 297 547 ista
310 483 371 567 ipsa
381 480 514 545 delestio
532 482 642 544 virium
651 474 858 543 adolescentiae
871 479 951 542 vitiis
969 475 1232 563 efficitursaepiirs,
1245 478 1334 561 quem

242 570 420 645 senedlutis3
432 567 587 631 libidinosa
601 568 714 631 etenini
729 570 758 630 u
769 568 973 651 intemperans
994 562 1193 629 adolescentia
1202 565 1335 629 effoetum

242 679 351 742 corpus
379 656 470 719 tradit
491 655 648 719 senestuti.
692 652 791 741 Cyrus
810 654 935 739 quidem
960 653 1042 738 apud
1053 650 1287 745 Xenophontem
1300 676 1335 716 eo

201 745 392 821 bosemone,
418 765 511 827 quem
535 744 667 807 moriens
691 741 809 819 habuit,
824 764 896 806 cunr
910 741 1075 804 admodum
1085 738 1176 803 senex
1193 740 1272 817 esset,
1285 763 1336 804 nc-

241 848 293 917 gat
322 831 351 894 se
381 853 516 913 unquam
528 830 653 907 sensisse,
668 828 858 893 senestutem
874 829 957 893 suam
969 827 1201 891 imbecilliorem
1215 827 1337 906 saum,

242 924 336 1002 quim
351 918 548 982 adolescentia
567 918 676 980 fuisset.
722 916 787 1003 Ego
801 916 838 979 L.
858 917 1023 980 Metellum
1038 914 1165 977 memini
1180 937 1254 1001 puer
1273 918 1337 999 (qui

242 1004 318 1069 cirnr'
330 1006 528 1091 quadriennio
552 1005 618 1089 post
644 1007 772 1068 alterum
797 1004 996 1068 Consulatum
1024 1000 1168 1065 Pontifex
1189 1004 1338 1067 Maximus

242 1094 343 1157 sadtus
363 1094 443 1170 esset,
464 1094 570 1179 viginti
587 1092 706 1156 &duos
721 1113 815 1155 annos
830 1092 858 1155 ei
873 1090 1036 1157 sacerdotio
1047 1088 1184 1177 praefuit)
1199 1090 1243 1154 ita
1255 1090 1341 1155 bonis

202 1183 304 1246 sseffe
318 1181 432 1243 viribus
446 1175 581 1243 extremo
607 1195 743 1263 tempore
754 1180 860 1255 aetatis,
876 1194 910 1243 ut
925 1174 1155 1242 adolescentiam
1167 1200 1231 1241 non
1245 1179 1341 1261 requi-

242 1285 330 1332 reret.
375 1268 461 1329 Nihil
485 1265 599 1331 necesse
622 1267 665 1330 est
680 1266 756 1329 mihi
785 1268 823 1329 de
838 1288 888 1331 me
903 1267 966 1353 ipso
981 1266 1093 1329 dicere:
1108 1270 1284 1350 quanqulm
1296 1266 1342 1330 esi

242 1356 274 1419 id
289 1357 413 1439 quidem
423 1353 524 1431 senile,
536 1356 676 1437 aetatique
691 1354 799 1419 nostrae
808 1354 993 1418 conceditur.
1389 1360 1390 1363 ’

202 1451 216 1504 1
285 1442 326 1505 X.
348 1441 517 1518 Videtisne,
529 1456 563 1504 ut
577 1443 658 1526 apud
671 1438 845 1505 Homerum
860 1440 1012 1525 saepiffirne
1027 1440 1140 1504 Nestor
1159 1441 1199 1503 de
1226 1442 1340 1505 virtuti-
1389 1454 1390 1517 j

241 1530 299 1593 bus
314 1530 373 1592 suis
388 1527 549 1615 praedicet?
572 1530 637 1614 jam
655 1529 737 1592 eninr
752 1530 872 1593 tertiam
898 1543 1018 1593 aetatem
1033 1528 1194 1591 hominum
1215 1530 1342 1592 virebat:
1389 1518 1390 1601 l

242 1639 299 1681 nec
314 1632 378 1680 erat
392 1618 420 1679 ei
433 1618 611 1692 verendum,
626 1638 665 1678 ne
684 1639 754 1680 vera
768 1618 809 1679 de
826 1614 856 1680 se
875 1616 1041 1700 praedicans
1063 1614 1155 1678 nimis
1179 1616 1342 1681 videretur·¹

242 1720 295 1789 aut
314 1704 453 1781 insolens,
468 1718 519 1766 aut
534 1704 658 1787 loquax:
683 1704 808 1780 etenim,
823 1718 858 1767 ut
870 1704 911 1766 ait
919 1703 1086 1779 Homerus,
1109 1724 1146 1765 er
1162 1704 1232 1789 ejus
1247 1706 1344 1791 lingui

200 1798 219 1855 5
243 1793 332 1855 melle
354 1792 471 1855 dulcior
485 1789 597 1854 fluebat
618 1792 728 1867 oratio,
755 1812 848 1875 quam
873 1794 911 1854 ad
931 1791 1112 1854 suavitatem
1126 1792 1221 1854 nullis
1240 1792 1346 1878 egebat
1389 1812 1390 1831 ¹

242 1878 375 1961 corporis
388 1878 513 1941 viribus:
546 1881 694 1942 &tamen
716 1880 777 1941 dux
797 1876 846 1941 ille
868 1878 997 1943 Graeciae
1012 1878 1160 1961 nusquam
1184 1892 1288 1963 optat,
1315 1896 1346 1943 ut

241 1966 346 2050 Ajacis
360 1963 468 2027 similes
482 1964 590 2027 habeat
605 1964 721 2042 decem,
747 1981 778 2029 at
804 1982 838 2031 ut
859 1962 1009 2029 Nestoris:
1039 1967 1121 2049 quod
1147 1966 1168 2027 sr
1191 1968 1347 2045 acciderit,
1389 2016 1390 2021 η

242 2075 304 2115 non
315 2052 432 2115 dubitat
444 2052 518 2136 quin
532 2052 615 2115 brevi
628 2052 723 2138 Troja
734 2052 768 2116 fit
777 2053 917 2137 peritura.
940 2052 1001 2117 Sed
1013 2053 1103 2116 redeo
1117 2054 1156 2115 ad
1167 2072 1239 2117 me:
1260 2076 1352 2137 quar-
1389 2088 1390 2103 t

244 2156 310 2202 tum
330 2161 443 2204 annum
467 2162 523 2226 ago
541 2143 570 2203 &
595 2138 830 2225 odtogesrmum:
859 2140 1002 2224 equidem
1028 2141 1108 2225 posse
1126 2142 1242 2203 vellem
1269 2143 1350 2205 idem
1389 2174 1390 2225 3

203 2228 375 2312 10gloriari,
390 2229 473 2311 quod
488 2228 603 2314 Cyrus:
628 2227 680 2290 sed
694 2243 796 2293 tamen
819 2226 878 2291 hoc
894 2250 973 2313 queo
995 2228 1105 2303 dicere,
1129 2250 1191 2290 non
1208 2250 1263 2291 me
1285 2232 1350 2313 qni-

242 2316 312 2377 d‘em
328 2315 363 2377 iis
378 2316 435 2378 esse
449 2314 572 2392 viribus,
594 2316 705 2398 quibus
720 2332 772 2378 aut
794 2315 881 2377 miles
895 2315 975 2379 bello
989 2314 1118 2392 Punico,
1132 2328 1184 2379 aut
1202 2317 1351 2404 Quaeslor

241 2404 349 2466 eodem
369 2403 461 2478 bello,
489 2419 541 2466 aut
570 2401 684 2466 Consul
706 2404 738 2465 in
757 2403 903 2488 Hispanias
918 2403 1040 2480 suerim,
1065 2419 1117 2466 aut
1145 2405 1353 2487 quadriennio
1389 2431 1390 2469 i

241 2489 319 2573 post,
345 2512 416 2554 cum
437 2491 593 2553 Tribunus
608 2489 749 2553 Militaris
763 2492 933 2576 depugnavi
947 2492 1027 2576 apud
1041 2491 1283 2578 Thermopylas,
1308 2495 1354 2556 M
1389 2515 1390 2520 ¹

243 2575 344 2640 Acilio
356 2578 521 2641 Glabrione
535 2576 679 2642 Consule:
709 2576 760 2641 sed
781 2593 894 2655 tamen,
924 2592 958 2641 ut
981 2600 1034 2660 vos
1046 2579 1165 2656 videtis,
1179 2600 1247 2642 non
1263 2581 1356 2666 plant
1389 2569 1390 2610 l

202 2667 298 2727 15me
308 2665 469 2742 enervavit,
491 2687 548 2728 nec
559 2664 666 2727 afflixit
681 2663 835 2730 seneClus:
860 2687 923 2728 non
949 2666 1032 2729 curia
1054 2666 1132 2730 vires
1161 2687 1252 2730 meas
1279 2670 1355 2732 dest-

241 2752 337 2828 derat,
365 2773 427 2813 non
448 2751 552 2828 rostra,
577 2775 640 2816 non
662 2752 769 2829 amici,
793 2774 854 2816 non
878 2753 1014 2830 clientes,
1039 2775 1102 2816 non
1116 2753 1273 2839 hospites;
1299 2779 1358 2820 nec
1389 2793 1390 2828 r

241 2839 323 2901 enim
358 2838 494 2921 unquirm
520 2839 586 2902 sum
619 2838 746 2904 assensus
771 2839 864 2904 veteri
894 2841 937 2903 illi
962 2841 1143 2924 laudatoque
1174 2844 1359 2925 proverbio,

241 2928 325 3008 quod
339 2939 454 3003 monet,
478 2933 594 2991 mature
614 2925 680 2989 fieri
701 2926 813 3004 senem,
844 2925 933 2989 fidiu
958 2928 1031 2992 velis
1052 2927 1109 2991 esse
1132 2927 1236 2992 senex.
1291 2931 1359 3017 Ego

241 3020 311 3077 verb
326 3035 376 3076 me
396 3013 496 3076 minbs
520 3015 572 3077 diu
587 3014 689 3077 senem
707 3015 765 3077 else
780 3015 913 3091 mallem,
943 3014 1036 3096 qudm
1058 3014 1116 3078 esse
1137 3014 1244 3079 senem
1265 3035 1357 3081 ante·
1389 3019 1390 3092 ᾗ

199 3107 336 3184 20qudrn
351 3100 450 3163 essem.
481 3101 587 3184 ltaque
596 3123 687 3165 nemo
696 3101 795 3165 adhuc
806 3101 965 3165 convenire
984 3124 1034 3166 rne
1048 3101 1152 3180 ualuit,
1174 3103 1260 3186 quin
1287 3106 1357 3169 sue-

241 3189 300 3250 rim
319 3201 493 3272 occupatus.
538 3191 583 3251 At
607 3190 706 3252 minus
728 3188 825 3252 habeo
847 3187 968 3266 uirium,
994 3210 1085 3274 quam
1107 3188 1250 3268 restrium
1277 3211 1360 3256 uter·

240 3275 294 3339 vis.
338 3275 406 3338 Nec
420 3297 473 3338 vos
499 3275 622 3358 quidem
636 3275 677 3338 T.
692 3275 795 3339 Pontii
809 3275 1003 3340 Centurionis
1020 3277 1096 3340 uires
1110 3276 1251 3356 habetis;
1283 3303 1360 3344 num

241 3363 336 3426 idciro
357 3361 400 3425 cst
427 3363 476 3425 ille
511 3361 713 3447 praestantior?
750 3363 916 3426 moderatio
939 3365 1030 3427 modb
1053 3364 1163 3427 virium
1190 3367 1288 3444 adlit,
1331 3373 1361 3434 δι
1389 3361 1390 3364 '

240 3463 370 3525 tantum,
396 3464 544 3533 quantum
564 3445 661 3535 potest
673 3448 813 3534 quisque,
841 3451 968 3528 nitatur3
998 3472 1046 3514 nae
1068 3449 1118 3514 ille
1142 3473 1207 3514 non
1238 3477 1364 3544 magno

198 3535 388 3599 25desrderio
400 3535 551 3600 tenebitur
571 3535 690 3600 virium.
737 3537 889 3624 Olympiae
905 3559 958 3620 per
973 3536 1110 3601 stadium·
1126 3538 1289 3624 ingreffus
1305 3545 1363 3606 effe

240 3621 320 3683 Milo
343 3623 463 3701 dicitur,
486 3629 555 3687 cum
572 3622 707 3688 humeris
722 3624 878 3688 sustineret
892 3625 1001 3688 bovem
1019 3624 1138 3689 vivum:
1160 3641 1280 3692 utrum
1308 3633 1364 3716 igi-

240 3722 291 3770 tur
304 3707 357 3771 has
372 3711 515 3793 corporis,
537 3732 575 3772 an
589 3710 768 3798 Pythagora)
787 3711 843 3794 tibi
856 3711 942 3776 malis
960 3712 1038 3776 uires
1054 3713 1167 3800 ingenii
1188 3715 1284 3779 dari?
1311 3721 1365 3780 de-
1389 3733 1390 3738 ’

240 3792 333 3878 nique
358 3795 414 3858 isto
431 3796 512 3859 bono
538 3811 633 3873 utare,
654 3800 728 3861 dum
754 3799 841 3875 adsrt;
862 3821 933 3863 cum
949 3797 1032 3878 absit,
1057 3803 1279 3884 nereqnims:
1309 3805 1365 3868 nisi

240 3883 316 3946 sorte
327 3883 527 3947 adolescentes
535 3886 707 3968 pueritiam,
725 3885 850 3969 paullum
862 3903 949 3951 aetate
964 3887 1104 3973 progressi
1113 3887 1368 3954 adolescentiam

197 3970 371 4035 80debeant
379 3971 540 4052 requirere.
584 3971 697 4036 Cursus
711 3973 755 4036 est
781 3989 880 4038 certus
895 3977 1001 4050 aetatis,
1029 3981 1058 4039 8r
1075 3997 1135 4040 una
1149 3976 1200 4039 via
1220 3993 1368 4054 natum,

233 4079 335 4141 eaque
351 4058 488 4142 simplex3
518 4057 630 4142 suaque
649 4061 760 4144 cuique
774 4061 851 4145 parti
866 4063 962 4126 aetatis
976 4059 1193 4147 tempestivitas
1208 4063 1258 4127 est
1275 4067 1369 4129 data:

240 4161 274 4205 ut
291 4145 490 4208 &infirmitas
505 4155 681 4229 puerorum,
700 4151 729 4210 &
748 4147 887 4212 ferocitas
900 4151 1060 4236 juvenum,
1072 4153 1101 4213 dt
1129 4152 1271 4236 gravitas
1299 4155 1371 4239 jam

237 4231 400 4294 constantis
410 4233 515 4309 atatis,
527 4235 556 4295 &
570 4233 722 4297 senestuti
731 4235 901 4299 smaturitas
917 4239 1051 4300 naturale
1067 4235 1216 4320 quiddam
1230 4239 1374 4314 habeat,

239 4318 321 4398 quod
343 4318 397 4383 suo
422 4334 558 4408 ternpore
582 4320 697 4408 percipi
718 4321 835 4388 debeat.
881 4323 1020 4390 Arbitror
1044 4325 1209 4406 reaudire,
1235 4325 1374 4414 Scipio,
