2825 4775
552 250 810 368 psmcuno.
913 204 922 294 Ῑ

104 424 239 491 Patrone
248 416 395 506 ingeniose,
408 420 619 506 pergeeuemplo
627 434 675 499 tuo
686 423 792 507 insigni
800 431 827 484 et
841 419 1158 507 luculemajunentutesn
1172 420 1260 485 Ame-

109 531 291 599 ricanamod
301 528 397 595 studia
409 533 478 616 jam
499 532 595 610 nimis,
621 546 653 596 ut
676 532 800 609 uidetur,
823 533 1006 598 obsolescensia
1030 533 1150 611 mitari,
1184 533 1265 617 mnes:

110 643 252 708 Ciceronis
260 656 340 727 opera
350 638 461 705 tandem
469 639 561 705 eadem
570 640 707 705 aviditate
716 641 972 705 etcclcbritatedomi
973 642 1162 727 perlegentur,
1170 644 1270 727 quibus

94 753 181 839 soris
189 746 252 817 tua.
291 750 334 815 -In
344 750 477 823 boccum
490 752 534 813 tui
546 750 707 816 simillimus
719 766 781 815 erae
791 752 837 813 ille
846 752 897 814 uir
905 751 1089 828 clarissimus,
1110 753 1191 837 quod,
1204 774 1269 817 cum

107 862 266 947 reipubbce
274 860 385 949 muffet,
398 860 441 922 rei
449 860 581 942 literaria
592 884 766 947 nequaqnam
774 861 869 925 deerat
878 894 890 935 ,·
896 862 988 947 sedin
1001 858 1263 947 hacdffmillimus,

108 972 194 1059 quod,
216 994 281 1035 cum
289 971 336 1033 ille
345 970 509 1055 temporibus
519 972 670 1055 reipublice
685 973 749 1059 usus
763 973 822 1059 effet
831 971 978 1035 admodum
994 970 1144 1058 proeellqfis
1153 985 1180 1034 et
1199 996 1273 1035 nau·

100 1082 222 1172 fragis,
257 1093 291 1143 tu
319 1091 426 1156 cantra,
447 1102 499 1163 quo
524 1080 628 1166 majore
649 1080 744 1166 gloria
760 1080 856 1168 fludio
875 1079 1074 1156 accendereris,
1107 1080 1209 1143 talibus
1229 1081 1274 1143 uti

104 1188 270 1277 perrexisti,
280 1188 409 1273 qualibus
421 1211 565 1273 nunquam
579 1190 723 1252 extiterint
723 1189 866 1274 sereniora
889 1187 1172 1272 nequcauspicatiora.
1206 1190 1271 1253 Deo

102 1301 235 1391 saueius
242 1311 377 1385 perpetua
382 1298 455 1387 ſsnt.
468 1299 505 1361 In
522 1298 609 1361 eodem
624 1298 750 1383 colloquio
768 1300 934 1361 amicissime
946 1310 974 1360 et
975 1297 1207 1387 familiarissime
1219 1317 1275 1385 pro

113 1422 252 1474 moretm
276 1431 324 1471 nas
352 1408 530 1485 admonuisti,
553 1420 586 1469 ut
605 1408 636 1469 in
664 1406 718 1469 bac
747 1408 858 1491 epistola
881 1407 1025 1470 scribenda
1045 1431 1218 1485 caveremus,
1240 1432 1274 1471 ne

124 1521 216 1584 nimis
230 1518 381 1597 dilatando,
406 1530 457 1581 aut
478 1518 605 1603 irfiatius
618 1516 767 1594 laudando,
788 1520 861 1581 sicut
873 1520 904 1579 in
927 1517 1060 1604 ejusmodi
1069 1519 1153 1581 ‘rebus
1166 1519 1276 1598 assolet,

118 1632 309 1695 irrisorumet
327 1629 536 1691 obtrectatorum
561 1628 677 1691 dicteria
697 1629 873 1713 convicioque
895 1629 1033 1693 inuidiosa
1051 1646 1275 1713 provocaremus.

121 1740 164 1804 In
178 1738 355 1802 edamuilium
366 1752 509 1823 speramus
521 1761 568 1800 nos
582 1760 635 1801 non
646 1738 766 1801 multum
777 1738 867 1801 adhuc
883 1740 1050 1821 peccavisse.
1096 1742 1185 1803 Nunc
1210 1764 1278 1805 uero

116 1852 234 1917 unum
260 1850 341 1913 utab
358 1872 385 1911 eo
399 1834 611 1933 quum'minime
630 1828 788 1911 recedamus
819 1872 848 1911 eo
862 1848 990 1912 libentius
1007 1846 1183 1928 adducimur,
1210 1850 1283 1936 quad

118 1963 237 2045 ineptiis
248 1961 350 2023 nostris
366 1982 450 2055 neque
455 1961 593 2042 patientia
607 1962 727 2045 tuajam
741 1961 812 2023 satis
822 1958 950 2046 fortasse
952 1960 1085 2047 fatigata
1098 1939 1186 2037 'abuti
1196 1984 1282 2045 neque

119 2074 255 2138 animum
269 2073 350 2135 rebus
361 2071 543 2157 grauissimis
556 2082 616 2133 tam
624 2070 745 2155 publicis
759 2093 843 2155 quam
849 2071 978 2154 priuatis
990 2084 1148 2153 occupatum
1161 2071 1283 2154 amplius

119 2187 258 2250 ds'ssinere
282 2184 418 2246 uolumus.
463 2182 517 2245 Ad
536 2182 689 2245 clausulam
704 2183 795 2267 igilur
817 2183 963 2245 veniamus
984 2182 1081 2243 Deum
1105 2182 1172 2265 Ops.
1188 2181 1280 2245 Mau.

117 2296 271 2383 procando,
283 2307 314 2357 ut
324 2296 434 2370 amicis,
454 2306 486 2356 ut
484 2292 620 2381 familia,
642 2306 675 2356 ut
682 2294 785 2377 patrie
798 2292 989 2377 et-rnpublicae
1000 2290 1157 2360 diutissime
1176 2314 1284 2357 caruer-

126 2403 371 2472 misuValeas.
678 2473 683 2498 1

259 2514 477 2580 NooiEboraci

131 2605 194 2674 vl.
210 2603 296 2670 Non.
311 2601 384 2670 Οα.
395 2512 642 2692 ΜΒΟΟΟΝ.ξ
