2825 4775
384 285 558 364 onina
579 283 671 363 eno
693 286 742 362 n.
758 289 929 366 consa.
1193 257 1267 372 aa

20 433 22 472 l
109 425 279 514 reipublicae
294 451 412 517 poenas,
434 432 485 496 sed
499 434 537 496 ad
546 433 681 498 mulieris
695 432 835 497 libidines
851 437 882 495 u
898 429 1020 498 delicias
1034 430 1215 520 deposcitur.

20 539 23 550 ·
112 519 215 601 Atque
225 519 284 584 hoc
294 521 384 583 etiam
399 522 468 586 loco
482 521 529 584 M.
551 519 702 598 Camurti,
724 527 754 586 dt
770 521 809 586 C.
820 521 924 584 Eserni
939 523 1093 585 damnatio
1107 527 1217 609 praedi-

19 629 20 636 *
107 619 200 668 catur.
244 593 464 672 Dstultitiaml
488 608 700 674 stultitiam-ne
715 611 829 686 dicam,
851 632 890 672 au
911 611 1133 694 impudentiam
1155 614 1261 680 lin-10

19 715 20 724 ¹
148 693 265 757 larem?
288 695 459 760 audetis-ne·
473 695 545 760 cum
560 697 599 761 ab
612 696 648 761 ei
663 699 792 761 muliere
808 699 946 773 veniatis,
967 697 1068 761 facere
1087 699 1215 766 istorum

64 785 67 792 '
103 713 264 844 igninum
279 781 491 848 mentionem?
513 785 687 849 audetis-ne
701 786 833 866 excitare
847 787 924 846 tanti
939 785 1046 869 flagitii
1069 791 1215 853 memori-

105 887 164 942 am,
186 891 251 933 nou
265 871 432 934 exundans
448 873 530 935 illam
544 874 682 956 quidem,
705 873 757 936 sed
771 873 930 956 repteffam
944 872 1117 938 vetustate?
1141 877 1217 964 Quo

103 954 186 1017 enirn
200 957 244 1020 illi
265 956 403 1038 crimine,
425 973 612 1045 peccatoque
627 958 807 1044 perierunt?
830 977 952 1044 nempe,
975 959 1058 1043 quod
1077 963 1213 1049 ejusdem

101 1043 238 1108 mulieris
253 1045 390 1111 dolorem
403 1053 432 1112 u
446 1047 588 1132 injuriam
599 1047 748 1110 Vettiano
758 1045 952 1110 nefariosunt
963 1045 1067 1130 stupro
1082 1054 1097 1098 b
1113 1050 1259 1134 perse-15

100 1133 173 1193 cuti.
220 1133 302 1222 Ergo
317 1149 352 1198 ut
367 1135 522 1198 audiretur
532 1126 631 1198 Vettii
647 1153 763 1197 nomen
774 1136 807 1194 ln
821 1133 923 1211 musi,
949 1134 1047 1196 utilia
1062 1149 1150 1200 vetus
1166 1140 1212 1202 A·

98 1215 196 1282 itania
222 1221 327 1286 fabula
352 1223 556 1299 refricaretur,
580 1221 693 1286 idcirco
708 1221 848 1284 Camurti
865 1225 895 1284 ἃ
923 1219 1028 1285 Esemi
1058 1221 1210 1290 causaest

97 1307 266 1373 mnovatai
290 1309 344 1393 qui
369 1324 545 1394 quanquam
572 1310 640 1394 lege
668 1309 707 1372 de
721 1310 752 1371 ri
777 1302 859 1372 certe
873 1325 937 1370 non
960 1307 1152 1389 tenebantur,
1175 1335 1213 1378 eo

96 1392 254 1458 maleficio
264 1410 368 1459 tamen
382 1411 468 1460 erant
482 1397 643 1480 implicati,
665 1409 700 1460 ut
712 1419 749 1459 ex
769 1396 883 1459 nullius
897 1395 973 1482 legis
992 1397 1108 1481 laqueis
1123 1399 1214 1464 emit-

93 1481 181 1544 tendi
196 1481 383 1546 viderentur.
427 1481 475 1545 M.
491 1481 564 1546 verb
576 1484 695 1548 Coelius
709 1484 807 1546 curin
820 1484 880 1546 hoc
891 1481 1044 1569 judicium
1057 1499 1183 1550 vocatur
1192 1485 1256 1555 iio

92 1568 146 1630 cui
168 1569 281 1652 'neque
307 1572 464 1655 proprium
488 1571 662 1654 quaestionis
677 1572 793 1635 crimen
807 1570 960 1656 objicitur,
982 1590 1041 1636 nec
1064 1573 1139 1636 verb
1159 1575 1215 1638 ali·
1293 1610 1295 1613 ·

96 1656 178 1738 quid
206 1656 368 1742 ejusmodi,
391 1661 505 1741 equod
532 1659 567 1722 fit
591 1668 607 1721 ὲ
632 1660 700 1746 lege
724 1658 910 1746 sejundlum,
935 1659 1153 1727 &cumvestrl
1167 1663 1215 1725 se·

87 1743 227 1806 veritate
241 1745 462 1831 coniunstum3
485 1747 573 1833 eujus
588 1746 684 1830 prima
699 1760 771 1809 aetas
786 1747 887 1810 dedita
902 1747 1067 1829 disciplinis
1074 1746 1146 1829 fuit,
1161 1751 1210 1814 iis-

91 1849 156 1914 que
172 1831 302 1908 artibus,
325 1833 435 1916 quibus
449 1832 626 1897 instruimur
640 1835 677 1898 ad
692 1834 776 1898 hunc
790 1833 878 1898 usum
893 1834 1056 1911 forensem,
1077 1837 1115 1897 ad
1129 1851 1145 1896 d
1161 1857 1212 1901 ca-

99 1918 286 2001 peffendam
302 1921 533 2005 rempublicam,
559 1921 597 1984 ad
612 1921 771 1998 honorem,
787 1924 926 2007 gloriam,
941 1921 1119 2010 dignitatem
1131 1945 1139 1986 :
1150 1925 1256 1992 elisas

92 2013 200 2068 autent
228 2006 289 2070 fuit
311 2008 451 2088 amicitiis
474 2011 625 2095 majorum
650 2025 737 2087 natu,
759 2031 890 2094 quorum
906 2010 1016 2074 imitari
1032 2011 1212 2077 industriam

90 2093 380 2181 continentiamque
395 2096 525 2160 maxime
536 2096 629 2160 velit:
651 2098 687 2162 iis
698 2100 862 2182 aequalium
881 2098 997 2174 studiis,
1018 2113 1052 2160 ut
1063 2102 1208 2178 eundem,

90 2200 188 2330 guent
213 2182 325 2267 optimi
346 2205 381 2247 ac
407 2183 590 2260 nobiliffimi,
622 2199 727 2269 petere
759 2185 880 2249 cursum
913 2187 1011 2248 laudis
1043 2185 1207 2253 rideretur.

119 2268 175 2331 tlm
192 2284 301 2334 autem
328 2271 456 2355 paulum
480 2275 546 2360 jam
570 2274 687 2336 roboris
713 2271 872 2337 acceiliffet
896 2274 990 2350 aetati,
1011 2273 1044 2335 in
1070 2275 1209 2339 Africam

89 2356 257 2440 profedius
279 2357 334 2437 est,
358 2361 401 2447 Q.
423 2357 572 2447 Pompeio
593 2360 769 2426 Proconsuli
790 2360 1026 2439 contubernalis,
1047 2362 1254 2431 castillim030

89 2444 155 2509 viro
194 2461 294 2529 atque
330 2449 430 2513 omnis
462 2448 554 2513 officii
591 2448 836 2535 diligentiffimo:
882 2450 914 2510 in
959 2458 1019 2532 qus
1054 2450 1210 2532 provincii

90 2532 166 2596 cum
191 2540 272 2599 fres
293 2552 379 2602 erant
403 2540 434 2601 δι
457 2536 647 2621 poffelliones
667 2552 813 2622 patemae,
834 2550 903 2599 tum
928 2538 1020 2598 etiam
1045 2536 1117 2599 usus
1141 2534 1212 2621 qui-⁸

90 2619 163 2685 dam
177 2624 388 2708 provincialis,
403 2640 466 2685 non
482 2624 542 2686 line
557 2622 657 2700 causi,
681 2624 872 2709 imajoribus
885 2622 958 2685 huic
971 2624 1053 2685 aetati
1066 2624 1209 2689 tributus.

89 2706 240 2775 Discerne
253 2710 336 2775 illinc
347 2708 486 2796 Pompeii
497 2710 614 2797 judicio
628 2708 860 2800 probatiffimus,
882 2724 918 2773 ut
930 2710 1022 2795 iplius
1035 2710 1212 2777 testimonio

129 2909 302 2997 bauan
310 2908 562 2992 satraparum
574 2908 670 2973 Vnst.
694 2907 860 2995 epum
873 2878 1100 2996 uapnagm.
1123 2916 1140 2962 a
1151 2934 1209 2999 ga.

87 2988 279 3063 iemandam.
324 3016 338 3048 θ
354 2996 451 3061 habuit
464 3020 510 3061 eas
519 2999 659 3061 amicitias
672 2998 905 3083 consensoribus.
958 2998 1141 3087 sfacultates.

118 3200 143 3247 9.
166 3192 282 3247 Camurti
295 3194 356 3251 dic.
369 3194 456 3245 Eserai
466 3196 602 3258 damnalia]
612 3197 658 3246 Vr-
689 3198 864 3259 rempublicam
874 3198 1022 3249 turbassent:
1041 3200 1205 3263 sedquiutim
1216 3199 1254 3249 in·

83 3262 176 3319 dentur
195 3262 225 3311 bi
244 3262 362 3321 damnati,
381 3262 445 3326 quod
466 3278 499 3311 ex
513 3264 542 3311 iis
561 3263 658 3323 meriaci,
690 3263 894 3325 tulemntjusenis
901 3264 1254 3325 motisumipudicitiss,quod

84 3328 125 3387 qui
142 3330 244 3388 legatos
265 3328 438 3377 Alexandrinos
459 3320 609 3385 iuterfecire,
634 3335 661 3375 nt
691 3329 790 3389 quidem
803 3329 835 3377 ud
851 3329 902 3375 vim
914 3328 1038 3389 publicum
1047 3329 1168 3391 pertinen
1186 3327 1255 3377 vide·

83 3392 171 3450 placet
180 3394 348 3442 Hotomanus.
382 3392 659 3440 Sedaliisrideoturfir·
692 3390 770 3441 batur.

83 3454 130 3503 isse
148 3456 278 3515 mmorti,
303 3458 367 3520 quod
393 3458 477 3505 Vettio
493 3458 588 3505 cuidam
604 3457 661 3503 ado·
726 3461 766 3505 28.
778 3454 940 3515 Nobilissimi.)
958 3456 1069 3504 Eundem
1083 3456 1138 3503 vite
1156 3471 1254 3507 cursim

84 3521 193 3571 kscenti
215 3520 267 3569 vitu
286 3521 428 3581 intulissent,
446 3528 474 3570 ut
492 3520 582 3569 clodia
593 3521 660 3569 sace-
692 3522 773 3568 tenuit
792 3521 892 3579 Coelius,
917 3534 990 3582 qrsem
1007 3521 1147 3571 nobilissimi
1163 3523 1254 3585 quiqsn

84 3592 141 3632 rent
153 3590 229 3643 satis,
250 3581 320 3651 iqui
330 3586 380 3649 q'us
389 3584 506 3649 pudicitia
523 3601 572 3634 nou
582 3586 660 3647 potuit
691 3592 930 3647 sempertenuemnt.

82 3652 237 3713 oppugnari.
526 3652 528 3658 ’
723 3650 763 3697 30.
776 3648 931 3708 Proconsuli.)
949 3650 1169 3699 Proconsulesdictl
1185 3656 1252 3711 ωηί,

119 3718 160 3765 16.
194 3714 282 3765 Utilia
293 3722 356 3765 selus
373 3714 573 3777 Meuanasabula
590 3714 658 3773 resti·
689 3714 805 3776 quodpro
813 3714 1254 3779 Consulibussdsdmiuistmndupto-

81 3778 208 3840 mussan]
242 3778 345 3829 Videtur
362 3782 407 3830 boo
427 3780 533 3831 facinore
550 3778 657 3829 renovari
690 3778 781 3827 vineias
791 3778 950 3829 mitterentur.
1248 3800 1252 3805 ·

81 3848 215 3894 memoris
231 3845 314 3906 flagitii
332 3846 378 3894 illis
392 3846 475 3894 similis
494 3844 599 3905 flagitiis,
628 3844 659 3891 de
725 3844 761 3892 lb.
786 3842 982 3902 Contubernalis.)
1007 3846 1196 3894 eanosoemsto
1205 3844 1253 3892 mi·

81 3910 176 3967 quibus
195 3910 313 3958 Afranius
321 3918 402 3972 poma,
417 3910 458 3972 qui
469 3908 659 3971 mgetsstmpls-
690 3906 905 3968 litesdleebantur,
919 3910 1055 3973 quideecur
1065 3911 1166 3959 mbuuo
1181 3909 1253 3971 pepi·

80 3970 145 4021 time
161 3974 278 4036 scripsit:
297 3974 341 4023 nisi
359 3976 458 4023 unane
476 3974 585 4035 designet
602 3972 659 4021 Cai-
691 3971 754 4021 lione
761 3971 888 4034 degebant.

81 4050 125 4086 sm
140 4038 658 4101 arr-aniamimpudentissimsmfoeninsm,
724 4040 764 4088 32.
799 4036 860 4086 usa
883 4037 975 4101 quidam
997 4034 1165 4101 provincialis.)
1202 4036 1253 4085 Ro·

80 4106 226 4161 poetrsam,
246 4102 269 4151 ta
286 4106 415 4151 multansm
431 4102 659 4151 fabularuminren·
690 4102 758 4149 marsi
782 4102 890 4151 solebant
915 4104 1078 4151 adolescentes
1102 4104 1133 4149 sd
1156 4099 1254 4161 proria-

81 4168 191 4227 trr'cem,
209 4168 241 4216 de
256 4172 302 4233 qut
313 4168 415 4231 loquitur
425 4168 482 4217 Val.
502 4168 572 4216 Max.
584 4167 625 4215 lib.
636 4170 659 4215 8.
693 4166 745 4214 cius
754 4182 811 4215 eum
827 4167 966 4241 presidibus
982 4167 1088 4241 mittere,
1105 4170 1132 4211 nt
1147 4163 1254 4225 paratio·

81 4244 258 4361 ⁰⁸l¹³·8:’·hge
273 4296 301 4345 de
319 4296 343 4345 ri
361 4310 407 4345 nan
425 4293 580 4355 urebantar.)
612 4297 661 4345 'le-
693 4231 961 4359 &3:33ch
975 4232 1085 4359 πιὼν
1099 4241 1253 4359 apaten&

80 4362 220 4415 auarus
236 4362 303 4415 deri
321 4361 426 4426 quidem,
449 4374 498 4411 sou
512 4362 575 4425 quod
589 4360 663 4410 umis
693 4358 799 4419 pontem
1000 4376 1005 4384 ·

632 4418 720 4486 Nn-

239 4700 243 4721 .
330 4635 376 4707 ι·-
