2825 4775
337 276 385 340 IN
407 275 456 341 Μ.
479 275 726 340 ANTONIUM
747 275 991 342 PHILIPPICA
1013 277 1054 340 11.
1192 287 1255 343 455

120 405 297 472 Caffinatem
311 407 442 472 fundum
460 408 565 491 quies
585 407 705 472 veniisse
725 407 814 472 dicit?
838 408 905 492 quis
921 408 1036 472 hastam
1047 407 1130 471 istius
1141 429 1214 470 ven-

97 495 239 560 ditionis
262 495 354 559 vidit?
377 496 445 579 quis
473 515 579 558 vocem
593 497 742 578 praeconis
757 496 889 560 audivit?
927 497 1030 559 misrffe
1070 511 1101 558 te
1137 497 1213 559 dicis

120 582 341 659 Alexandriam,
356 584 419 666 'qui
432 590 569 645 emereta
584 581 716 658 Caesare3
740 583 837 667 ipsum
853 584 935 645 enim
950 583 1109 667 expediere
1122 591 1254 670 mag-20

119 687 191 730 num
209 670 282 732 suit:
304 670 459 753 quievero
483 669 597 732 audivit
612 689 747 752 unquam
771 671 896 753 (nullius
910 685 1012 732 autem
1034 670 1111 732 salus
1130 692 1211 738 curae

98 754 250 838 pluribus
269 756 342 841 suit)
366 757 404 820 de
423 756 554 820 sortunia
574 755 721 818 Varronis
742 777 807 816 rem
830 757 923 817 ullam
949 755 1006 818 esse
1025 757 1210 822 detractam?

121 839 212 927 Qubd
226 843 248 904 fi
260 845 351 906 etiam
361 843 473 928 scripsit
483 846 522 906 ad
535 859 567 905 te
589 841 700 918 Caesar,
715 856 750 904 ut
763 845 918 918 redderem
944 843 1018 925 quid
1032 842 1100 906 satis
1114 845 1218 927 potest·

118 929 175 991 dici
188 929 226 992 de
236 929 319 994 tanti
328 930 534 1015 impudentia?
561 929 700 991 Remove
721 931 836 1013 gladios
850 929 916 991 illos
937 949 1110 1013 parumper,
1134 953 1211 1014 quoa

116 1015 260 1083 ridemus:
276 1021 342 1105 jam
356 1018 516 1102 intelliges,
540 1017 631 1078 aliam
645 1015 764 1080 causam
784 1018 841 1080 esse
855 1016 946 1080 hastae
957 1015 1093 1093 Caesaris,
1117 1019 1253 1087 aliam25

115 1103 304 1169 confidentiae
317 1110 347 1168 dr
358 1105 537 1168 temeritatis
556 1118 632 1179 tuac,
657 1125 722 1166 non
736 1106 819 1166 enIm
838 1117 868 1166 te
883 1105 1024 1166 dominus
1043 1103 1136 1166 r'nodb
1151 1106 1210 1169 illia

114 1190 241 1268 sedibus,
269 1193 321 1256 sed
337 1192 435 1274 quiris
459 1190 585 1266 amicus,
607 1189 736 1267 vicinus,
756 1189 874 1274 hospes,
893 1204 1068 1274 procurator
1087 1191 1208 1255 arcebit.
1240 1235 1263 1312 f
1287 1219 1308 1316 p

114 1279 158 1340 At
175 1282 270 1362 quim
292 1277 491 1341 multosdies
512 1279 545 1338 in
563 1284 598 1340 et
625 1276 696 1341 villi
717 1275 882 1362 turpiffime
904 1300 936 1340 es
968 1277 1209 1363 perbacchatus?
1255 1241 1278 1326 s

113 1365 151 1428 ab
173 1366 356 1428 horconia
378 1359 548 1441 bibebatur,
569 1365 741 1442 ludebatur,
773 1365 959 1428 vomebatur.
1005 1365 1036 1427 Ο
1051 1365 1133 1428 testa
1147 1367 1209 1451 ipsa

110 1451 227 1527 misera,
248 1454 334 1534 quim
348 1452 452 1537 dffpari
461 1453 580 1518 domno!
602 1463 777 1536 quanquam
791 1453 945 1537 quomodo
966 1453 1020 1516 iste
1039 1454 1248 1522 dominusisso

111 1539 162 1603 sed
183 1553 287 1618 tamen
308 1537 401 1622 quam
423 1546 438 1601 *a
460 1539 779 1624 disparitenebantur!
804 1541 972 1604 studiorum
986 1539 1068 1603 enim
1083 1539 1206 1604 suorum

113 1626 160 1688 M.
182 1627 282 1689 Varro
302 1626 397 1688 voluit
421 1627 478 1690 effe
500 1627 586 1703 illud,
616 1649 679 1691 non
706 1627 868 1692 libidinum
896 1627 1105 1692 diversorium:
1136 1651 1206 1712 quae

112 1714 146 1776 in
168 1714 218 1774 illa
238 1712 309 1777 viut
329 1711 418 1776 antei
439 1713 634 1779 dicebantur?
668 1737 737 1798 quae
758 1716 985 1801 cogitabantur?
1016 1736 1085 1799 quae
1107 1716 1207 1781 literis

110 1800 356 1876 mandabantur?
390 1802 460 1886 jura
494 1802 599 1885 populi
628 1801 774 1878 Romani,
810 1816 1008 1872 monumenta
1043 1801 1204 1886 majorum,

107 1887 208 1950 omnia
230 1888 382 1973 sapientia
394 1889 471 1951 ratio
484 1888 641 1970 omnisque
656 1889 812 1954 doctrinae.
858 1893 902 1954 At
916 1898 999 1966 verb,
1020 1904 1050 1952 te
1079 1890 1246 1973 inquid-35

107 1995 149 2037 no
170 1979 248 2060 (non
269 1978 351 2040 enim
371 1976 512 2062 domino)
542 1975 740 2061 personabant
763 1977 866 2041 omnia
887 1977 1011 2042 vocibus
1040 1973 1205 2044 ebriorum:

105 2063 249 2138 natabant
269 2065 439 2148 pavimenta
459 2065 555 2128 vino:
591 2065 755 2128 madebant
776 2066 926 2148 parietes:
962 2064 1088 2149 ingenui
1118 2067 1205 2148 pueri

103 2169 180 2212 cum
193 2151 364 2226 meritoriis,
377 2151 473 2214 scorta
486 2153 566 2214 inter
579 2151 833 2214 matres-familias
842 2151 1042 2214 versabantur.
1086 2150 1206 2216 caffino

106 2237 268 2302 salutatum
295 2239 466 2316 veniebant,
492 2238 629 2322 Aquino,
650 2237 840 2305 Interamna:
862 2238 1004 2302 admissus
1025 2237 1069 2302 est
1091 2258 1205 2316 nem03

567 2435 737 2498 fuenditum
752 2436 807 2525 effi.

140 2639 179 2686 19.
197 2636 291 2685 menn
306 2644 329 2685 te
343 2637 399 2685 dicis
415 2633 603 2694 Alexandrian]
620 2636 665 2685 Di·
697 2637 787 2685 tissime
810 2634 998 2699 reprehendebat
1016 2634 1041 2683 in
1063 2634 1173 2684 Catilina.
1194 2638 1252 2699 (Sed

101 2700 180 2750 cebet
206 2702 331 2759 AntonIun,
358 2701 464 2762 nrbjectn
490 2703 564 2748 hartz
583 2701 663 2755 suinae,
697 2704 772 2749 multo
782 2702 872 2762 turpius
882 2707 934 2747 erat
944 2700 974 2747 ab
989 2702 1045 2748 hort
1061 2702 1131 2747 tertia
1139 2700 1184 2748 dIei
1196 2716 1251 2763 per-

104 2766 270 2814 neoanctione
281 2767 377 2813 vendita
395 2766 467 2814 fuine
489 2766 664 2813 Alexandrina
696 2764 816 2823 bacchari,
834 2779 889 2812 cum
900 2766 958 2812 bora
975 2778 1038 2813 nona
1057 2764 1139 2812 sobriis
1156 2764 1251 2815 initium

105 2832 204 2879 Cmre
223 2830 338 2878 Varronis
355 2832 424 2888 bona,
441 2830 472 2876 nd
489 2843 542 2889 qua
560 2832 663 2878 emenda
695 2828 866 2887 escetconae.)
1159 2864 1161 2871 .

103 2897 213 2945 miserat.
689 2903 699 2944 t
727 2898 767 2943 32.
798 2890 975 2950 Dicercnrinrn.)
1003 2893 1163 2943 Divcrcorium
1183 2892 1252 2953 dicit,

136 2964 178 3009 20.
197 2956 384 3023 Magnnnsnr't.)
404 2960 497 3019 Ironia;
514 2963 583 3005 tanta
597 2959 662 3007 enirn
693 2960 749 3019 quin
765 2959 791 3006 in
806 2958 867 3006 villis
882 2964 976 3005 tantum
992 2958 1023 3005 nd
1046 2963 1149 3020 tempor,
1177 2958 1253 3008 ammi

101 3022 617 3083 avaritrecupiditateducebntorAntonius,
636 3028 663 3071 nt
693 3024 817 3071 relcxmdi
833 3028 913 3080 cauca,
930 3022 1056 3069 habitatur.

100 3102 154 3137 non
170 3088 275 3147 potuerit
295 3092 425 3149 expectare
439 3088 497 3135 dum
516 3090 597 3135 Cesar
613 3090 662 3136 Ro·
725 3091 765 3137 ³5.
783 3084 920 3149 Inquilinn.)
948 3086 1079 3145 Inquisinue
1102 3085 1188 3133 utetur
1211 3086 1252 3144 qui

100 3166 173 3201 mam
182 3152 296 3199 rediisset
694 3156 756 3200 nolus
782 3151 806 3200 in
828 3150 917 3199 nedibus
932 3150 1055 3198 conductis
1076 3149 1177 3205 habitat,
1203 3164 1253 3197 non

131 3220 180 3266 ⁴23.
201 3215 234 3264 Ut
241 3214 362 3274 redderes.)
379 3214 460 3264 cesar
467 3214 599 3276 ncripnitnd
611 3218 663 3263 An·
694 3224 776 3265 autern
791 3230 848 3264 cum
861 3216 966 3273 domino,
983 3217 1020 3262 ves
1030 3226 1058 3260 eo
1072 3212 1113 3273 qui
1130 3212 1253 3261 habitandi

98 3282 207 3337 torrium,
223 3287 251 3327 ut
258 3280 361 3329 Vnrroni
376 3294 446 3328 sturm
463 3280 564 3327 fundum
578 3279 664 3327 redde·
691 3277 732 3340 jun
743 3282 822 3328 habet.

99 3350 143 3393 ret
155 3343 312 3395 Carrinatem.
728 3347 768 3393 38.
786 3340 934 3399 Meritoriir.)
952 3339 1022 3390 Pueri
1039 3338 1152 3389 meritorii
1168 3340 1253 3390 dicun·

136 3412 181 3460 24.
201 3411 301 3459 neme
319 3405 429 3472 gladic.)
456 3406 569 3457 Ostendit
586 3407 664 3469 ipnrm
695 3413 745 3465 tur,
760 3409 800 3468 qui
810 3408 853 3455 nub
865 3420 961 3467 corpore
969 3408 1086 3466 quercum
1094 3403 1192 3453 fuciunt.

97 3473 124 3521 vi
149 3475 373 3524 &arminobtinere
388 3474 461 3520 istum
478 3472 578 3519 firndnm
601 3474 663 3519 Var-
729 3472 765 3521 lb.
789 3467 891 3528 Sourta.)
915 3474 1024 3518 Scortum
1049 3468 1133 3518 mulier
1156 3468 1253 3519 insumis

96 3538 177 3597 ronie,
189 3540 212 3586 sc
228 3537 328 3600 rejungit
339 3536 439 3587 canaria
453 3550 552 3585 caum
568 3536 601 3583 nb
611 3540 663 3584 Au·
695 3538 752 3583 est.¹

100 3603 284 3653 toniinudncit.
672 3652 684 3670 θ
729 3600 765 3649 lb.
791 3595 1012 3657 Matres-senium.)
1049 3599 1131 3645 Mater
1149 3598 1252 3649 scurilia!

133 3669 177 3717 26.
194 3666 248 3717 Non
259 3666 362 3715 nmina
376 3663 458 3725 nont.)
479 3665 503 3713 Si
521 3665 663 3714 dentimnbrr
693 3679 739 3726 pro
753 3665 851 3712 muliere
862 3664 947 3725 pudict
963 3664 985 3709 tr
996 3666 1103 3721 honesti,
1120 3664 1169 3712 rive
1182 3663 1253 3712 vidua

94 3732 178 3781 amit
201 3733 328 3790 Antonine,
353 3747 402 3781 non
419 3730 488 3779 modo
503 3730 582 3777 Vnrm
600 3724 669 3779 illini
692 3728 733 3787 eit,
750 3729 798 3777 cive
816 3734 899 3789 nupta,
916 3728 1023 3777 tutnItur.

94 3794 171 3843 fundi
196 3798 306 3847 dominun
331 3810 387 3845 eum
410 3810 458 3843 non
484 3794 592 3856 recipiet,
619 3796 661 3844 ned
726 3794 762 3842 Ib.
782 3790 880 3850 Casu.)
907 3792 1032 3841 Caucinum
1054 3793 1192 3856 Campania
1209 3806 1253 3853 op·

94 3870 177 3909 nemo
191 3862 238 3909 erit
252 3860 292 3921 qui
304 3874 354 3909 non
375 3861 505 3908 Antonium
523 3858 662 3919 dejicintex
693 3858 776 3921 pidum
785 3864 829 3905 est.

91 3920 150 3972 iun
158 3924 353 3988 ponereionibna,
366 3938 425 3986 quaa
435 3922 520 3985 injuste
529 3923 662 3973 ribivindi-
728 3926 767 3973 ³9.
792 3918 908 3987 Aquino.)
936 3922 1057 3983 Aquinum
1083 3921 1197 3984 oppidum
1216 3924 1254 3969 est

96 3990 178 4039 cavit.
697 3987 810 4037 inLntio.
1255 4000 1262 4015 ·

132 4056 176 4103 28.
194 4052 232 4103 Es
244 4047 425 4117 paleamne]
442 4052 469 4101 ld
485 4058 530 4117 ent,
553 4053 619 4101 omni
636 4058 663 4102 te
727 4052 763 4102 lb.
781 4048 936 4109 interamna]
959 4051 1098 4101 Interamna
1114 4047 1254 4108 Campaniae

91 4117 313 4168 ubidmninsnnin
321 4112 456 4178 nrpiuimt
465 4117 601 4177 permisisti.
693 4117 806 4177 oppidum
817 4120 863 4174 est,
880 4130 927 4163 non
937 4119 1007 4176 longe
1024 4115 1055 4161 cb
1067 4113 1168 4173 Aquino,
1189 4112 1253 4171 quod

128 4188 174 4233 29.
192 4183 233 4232 At
252 4178 412 4238 inritatis.)
438 4182 499 4229 Sunt
516 4182 558 4243 qui
572 4185 661 4242 putant
691 4180 828 4229 nicdictum
840 4185 885 4237 ent,
902 4180 1031 4238 quiainter
1048 4178 1106 4225 duce
1126 4189 1209 4223 amnes
1227 4176 1253 4225 in

89 4248 244 4297 Ciceronem
253 4249 317 4310 quoi
333 4246 364 4295 de
376 4244 448 4294 canit
462 4246 538 4293 noctin
554 4246 618 4302 nort,
636 4245 660 4293 sc
691 4258 766 4292 unum
773 4244 928 4301 continentes,
945 4242 1050 4305 MoIpInr
1068 4242 1091 4288 dt
1103 4239 1187 4301 Lirim,
1214 4240 1252 4289 In·

79 4311 120 4360 do
139 4312 190 4363 tuin
203 4312 352 4363 antelucani·
362 4312 446 4371 eoenu,
462 4323 523 4370 qm
541 4308 658 4374 bucen-
692 4306 800 4368 ten'ncet.
834 4307 926 4363 Suebo.
