2825 4775
399 356 403 365 ·
468 332 526 397 nu
543 320 815 398 'stulterum
854 354 859 363 ·
1135 340 1196 399 ει(

54 466 94 530 Et
117 468 217 530 multa-
229 464 362 543 sortaffe,
376 485 444 551 quae
458 467 537 544 rultr
552 482 644 551 atque
666 468 699 534 in
714 490 748 531 ea
758 466 893 551 quidem,
908 488 976 551 quae
991 488 1053 531 non
1070 470 1147 545 vult,

50 554 126 639 saepe
147 559 240 620 etiam
264 554 462 619 adolescentia
490 556 627 618 incurrit.
672 554 754 619 Illud
768 562 838 620 verb
854 556 936 619 idem
947 556 1088 621 Caecilius
1101 558 1146 619 vi-

50 642 162 707 tiosihs:

224 730 296 795 Tum
308 728 430 817 equidem
445 733 476 795 in
489 730 605 817 finem
618 729 769 813 bucdeputo
778 731 973 814 miserrimum,

225 818 332 882 sentire
343 820 378 882 ed
391 831 469 881 etate
482 816 567 905 effese
578 816 693 900 odiofim
707 818 800 879 alteri.
1149 826 1189 882 10

48 904 225 970 Iucundum
243 906 356 991 potius,
380 927 474 989 quam
493 902 647 978 odiosumr
671 917 706 965 ut
721 904 803 967 enim
815 902 1052 967 adolescentibus
1066 904 1146 969 bont

46 992 146 1055 indole
164 994 297 1077 praeditis
321 993 470 1077 sapientes
492 990 577 1055 senes
600 990 801 1067 deledlantur,
819 991 972 1073 leviorque
987 990 1022 1053 fit
1040 1012 1147 1054 eorum

49 1078 199 1158 feneum,
223 1082 276 1165 qui
288 1078 307 1143 l
317 1080 479 1166 juventute
493 1080 636 1142 coluntur
653 1084 681 1142 8(
695 1078 927 1163 diliguntu13fic
945 1078 1147 1142 adolescentes

48 1166 154 1230 senum
178 1168 340 1254 praeceptis
355 1166 500 1251 gaudent,
526 1165 637 1247 quibus
651 1167 690 1229 ad
704 1166 853 1227 virtutum
868 1164 965 1228 studia
976 1166 1146 1245 ducunturr

45 1272 100 1317 nec
115 1255 219 1317 minus
245 1252 383 1339 intelligo
394 1273 444 1315 me
456 1250 554 1327 robis,
565 1259 657 1335 quarn
670 1274 725 1316 ros
741 1252 816 1315 mihi
831 1252 888 1317 esse
904 1254 1066 1339 jucundos.
1082 1254 1189 1317 Sedl5

44 1341 163 1418 videtis,
186 1354 223 1403 ut
246 1338 387 1403 senestus
407 1360 471 1402 non
494 1340 586 1402 modb
610 1340 752 1427 languida
765 1356 856 1425 atque
867 1340 946 1404 iners
960 1362 1023 1404 non
1037 1342 1082 1417 fit,
1096 1362 1148 1404 ve-

45 1450 116 1491 rum
139 1430 232 1491 etiam
254 1426 288 1489 fit
313 1426 448 1513 operosa,
469 1432 499 1491 8(
515 1426 632 1511 semper
646 1450 738 1514 agens
757 1428 871 1511 aliquid
888 1433 917 1491 8(
930 1429 1072 1503 moliens3
1088 1432 1147 1492 tale

45 1516 173 1591 scilicet,
198 1516 287 1599 quale
309 1514 456 1601 cujusque
478 1513 613 1578 studium
634 1518 667 1577 in
682 1515 834 1599 superiore
853 1516 914 1579 vital
931 1516 999 1579 suit.
1050 1516 1148 1601 Quid,

46 1604 131 1685 quod
152 1602 245 1665 etiam
270 1602 426 1666 addiscunt
455 1601 588 1687 aliquid?
614 1617 649 1666 ut
668 1602 813 1667 Solonem
827 1603 958 1667 verfibus
969 1605 1147 1689 gloriantem

45 1692 196 1766 videmus,
217 1690 271 1793 qui
292 1690 322 1753 se
345 1688 480 1776 quotidie
491 1688 606 1773 aliquid
627 1690 829 1754 addiscentem
848 1690 950 1754 senem
970 1690 1036 1754 fieri
1058 1690 1190 1756 dicimo

45 1792 81 1841 ut
102 1798 160 1863 ego
181 1776 255 1854 secr,
276 1779 330 1862 qni
354 1777 479 1842 Graecas
503 1778 604 1841 literas
626 1776 716 1841 senex
737 1776 842 1853 didici,
861 1798 935 1861 quas
960 1778 1084 1862 quidem
1108 1778 1146 1841 src

45 1864 131 1929 aridi
153 1866 275 1949 arripui,
300 1864 381 1950 quasi
402 1864 579 1927 diuturnam
603 1862 681 1927 sitim
695 1865 815 1949 explere
830 1867 966 1949 cupiens,
988 1880 1022 1929 ut
1036 1888 1072 1928 ea
1086 1865 1148 1949 ipsa

45 1951 123 2014 mihi
148 1967 220 2015 nota
247 1950 351 2028 essent,
375 1952 486 2036 quibus
512 1972 562 2015 me
588 1971 669 2015 nunc
695 1952 841 2037 exemplis
855 1952 901 2017 uti
925 1952 1045 2016 videtis:
1064 1954 1147 2037 quod

50 2038 124 2103 edm
146 2038 246 2103 secisse
274 2038 431 2103 Socratem
455 2040 488 2103 in
514 2036 625 2104 fidibus
648 2041 796 2115 audirem,
823 2042 933 2103 vellem
948 2042 1090 2124 equidem
1116 2044 1145 2103 8(

45 2127 121 2189 illud
145 2126 311 2212 (discebant
340 2127 423 2189 enim
446 2123 558 2191 fidibus
577 2128 707 2212 antiqui)
731 2126 781 2189 sed
795 2126 828 2188 in
842 2127 935 2189 literis
949 2125 1029 2190 certd
1044 2128 1190 2191 ebbo-25

47 2234 119 2277 ravr.
732 2273 743 2289 ,

62 2301 147 2364 ἸΧ.
171 2300 241 2365 Nec
251 2322 335 2365 nunc
368 2300 494 2385 quidem
517 2300 596 2363 vires
624 2299 758 2363 desrdero
780 2300 975 2363 adolescentis
1002 2301 1041 2385 (is
1064 2300 1146 2364 enirn
1173 2307 1187 2363 l

47 2402 111 2452 erat
135 2391 221 2453 locus
244 2389 319 2453 alter
341 2389 379 2453 de
404 2389 483 2453 vitiis
500 2388 678 2473 senedutis)
703 2411 765 2452 non
776 2388 856 2474 plius,
871 2387 964 2472 qudrn
978 2387 1148 2452 adolescens

47 2479 136 2554 tauri,
150 2491 205 2540 aut
218 2475 370 2562 elephanti
385 2475 600 2540 desiderabam:
614 2477 697 2560 quod
713 2475 767 2552 est,
783 2497 819 2538 eo
837 2476 924 2538 decet
939 2475 999 2550 uti,
1017 2480 1046 2538 8(
1063 2477 1148 2558 quic-

47 2565 122 2648 quid
150 2586 235 2650 agas,
265 2587 355 2651 agere
381 2585 436 2650 pro
449 2563 573 2627 viribus.
618 2563 700 2649 Quae
723 2563 806 2626 enim
827 2583 885 2626 vox
897 2562 993 2648 potest
1005 2563 1061 2626 else
1076 2585 1149 2626 con-

47 2653 201 2737 temptior,
224 2673 317 2738 quam
340 2649 467 2715 Milonis
493 2649 695 2715 Crotoniates
722 2649 868 2733 quicum
883 2651 947 2736 jam
962 2650 1051 2714 senex
1066 2651 1147 2726 esset,
1171 2659 1190 2714 5

48 2737 232 2823 athletasque
258 2740 288 2804 se
308 2739 340 2801 in
355 2741 505 2802 curriculo
520 2751 695 2802 exercentes
706 2738 832 2814 videret,
848 2735 1006 2820 adspexisse
1022 2740 1148 2802 lacertos

48 2826 116 2890 suos
145 2827 267 2904 dicitur,
281 2825 528 2914 illacrymansque
537 2825 651 2903 dixisse,
696 2826 741 2888 At
763 2823 796 2886 hi
810 2826 934 2906 quidem
946 2825 1011 2910 jam
1031 2827 1149 2889 mortui

49 2913 127 2978 sunt.
171 2913 246 2977 Non
267 2921 338 2978 verd
360 2913 424 2977 tim
443 2913 503 2991 isti,
524 2921 618 2998 quim
648 2927 683 2976 tu
702 2912 765 2996 ipse
791 2928 932 2996 nugator,
956 2915 1149 2995 nequeenim

45 2999 653 3152 ...ξεῖ
666 2998 880 3150 nlzrls
905 3002 1192 3151 {nin-u,

112 3112 121 3149 ι
231 3134 239 3149 .
311 3111 321 3150 ι
414 3111 443 3163 e,
547 3111 579 3150 m
727 3111 736 3148 ι
882 3132 890 3147 .
1031 3111 1127 3164 arus,

49 3175 126 3236 nihil
145 3174 237 3237 modo
261 3171 297 3236 Ρ.
318 3173 449 3259 Crassus:
471 3181 488 3238 i
509 3175 619 3259 quibus
638 3176 707 3260 jura
730 3176 844 3238 civibus
859 3175 1139 3258 praescribebantur3

49 3279 183 3346 quorum
198 3260 341 3345 usquead
353 3277 527 3326 extremum
542 3262 678 3347 spiritum
687 3261 730 3324 est
740 3261 882 3346 provedla
892 3262 1059 3346 prudentia.
1104 3261 1150 3323 0-

50 3364 131 3412 rator
138 3361 245 3412 metuo
252 3371 292 3412 ne
303 3347 474 3434 languescat
484 3347 654 3425 senestute3
664 3349 707 3412 est
723 3351 805 3412 enim
821 3371 932 3412 munus
947 3351 1012 3434 ejus
1027 3370 1088 3410 non
1103 3351 1149 3412 in·

52 3438 132 3522 genii
151 3437 259 3514 solium,
275 3433 326 3500 sed
341 3438 469 3500 laterum
484 3436 576 3500 etiam
593 3441 623 3500 8(
638 3437 758 3500 virium.
804 3437 940 3499 Omnino
955 3457 1099 3500 canorum
1114 3438 1150 3498 il·

51 3523 104 3585 lud
117 3525 150 3587 in
163 3545 239 3588 roce
252 3522 430 3610 splendescit
441 3523 532 3588 etiam
547 3523 720 3607 nescioquo
734 3523 824 3608 padio
839 3525 870 3586 in
882 3524 1048 3588 senestute:
1063 3526 1191 3607 quodl5

55 3611 197 3694 equidem
212 3609 311 3676 adhuc
335 3632 397 3676 non
427 3611 522 3688 amisi,
549 3615 587 3675 &.
608 3612 716 3674 videtis
735 3631 842 3675 annos:
857 3609 908 3674 sed
922 3627 1024 3674 tamen
1039 3611 1081 3674 est
1096 3613 1149 3675 de-

52 3715 139 3762 corus
159 3698 257 3762 sermo
271 3699 360 3776 senis,
374 3701 495 3784 quietus
513 3703 543 3762 8(
558 3697 704 3776 remissus,
729 3697 861 3784 facitque
876 3699 1006 3782 persaepe
1021 3699 1083 3785 ipsa
1098 3701 1151 3763 fibi

55 3784 237 3850 audientiam
246 3785 347 3848 diserti
371 3787 449 3851 senis
468 3803 590 3872 compta
618 3789 648 3850 8(
664 3785 745 3848 mitis
760 3787 870 3849 oratio:
889 3787 971 3869 quod
987 3787 1007 3848 sr
1022 3787 1082 3871 ipse
1097 3811 1149 3850 ex-

54 3873 123 3956 equi
148 3893 294 3957 nequeas,
314 3873 402 3958 poslis
420 3889 525 3938 tamen
543 3873 678 3957 Scipioni
692 3875 896 3958 praecipere&
914 3873 1017 3937 Laelio.
1064 3874 1150 3960 Quid

55 3961 135 4022 enirn
149 3960 193 4024 est
205 3961 371 4045 jucrurdius
384 3959 539 4025 senestute
555 3959 661 4046 stipati
675 3959 779 4023 studiis
791 3961 975 4048 juventutis?
992 3964 1082 4024 Anne
1098 3965 1194 4022 eas20

56 4047 178 4128 quidem
197 4047 275 4110 vires
289 4044 439 4110 senectuti
461 4049 680 4132 relinquemus,
704 4063 738 4110 ut
765 4047 999 4112 adolescentulos
1033 4049 1150 4124 doceat,

56 4131 199 4212 instituat,
228 4135 267 4196 ad
295 4155 386 4198 omne
409 4133 501 4198 officii
523 4155 636 4198 munus
664 4133 807 4198 instruat?
832 4158 894 4220 quo
922 4136 1045 4218 quidem
1059 4155 1150 4216 opere

53 4221 129 4302 quid
151 4221 248 4308 potest
273 4219 332 4285 esse
356 4222 545 4307 preclarius?
568 4221 649 4285 Mihi
667 4243 739 4286 vero
764 4223 823 4288 Cn.
839 4229 868 4288 8(
884 4221 920 4284 P.
934 4221 1101 4305 Scipiones,
1119 4227 1149 4288 &

54 4308 104 4395 gani
116 4310 243 4386 tuiduo,
255 4309 292 4372 L.
306 4305 451 4372 AEmilius
462 4311 492 4373 8(
507 4307 543 4372 Ρ.
556 4309 731 4386 Africanus,
746 4311 891 4373 comitatu
906 4307 1052 4370 nobilium
1063 4311 1151 4395 juve·

54 4406 136 4459 lutum
153 4395 300 4464 fortunati
312 4397 503 4463 ridebantur:
513 4418 570 4462 nec
585 4395 640 4458 ulli
653 4395 801 4462 bonarum
816 4397 926 4460 artium
940 4395 1073 4481 magistri
1087 4404 1193 4463 non25
