2825 4775
125 278 129 282 ’
191 296 255 352 sio
524 288 572 353 M.
594 284 746 353 TULLII
767 283 999 353 ctcERONts

232 416 367 483 nediute.
411 416 472 481 Sed
498 416 573 501 quid
598 438 676 501 opua
704 414 749 478 est
774 415 878 500 plura?
906 418 971 503 jam
988 413 1071 477 enim
1096 412 1188 501 ipsius
1204 410 1331 479 Catonis

230 506 329 571 sermo
344 506 504 590 explicabit
515 504 648 571 nostram
658 524 784 568 omnem
792 503 831 565 de
840 503 996 567 senectute
1006 502 1197 567 sententiam.

274 592 315 654 II.
344 594 415 675 Scip.
442 589 660 677 Saepenumero
690 590 792 653 mirari
805 589 887 653 soleo
915 612 988 653 cum
1002 590 1076 661 ,hoc
1090 590 1128 655 C.
1145 590 1332 669 Laelio,tt1m

230 693 409 743 caeterarum
433 703 535 743 rerum
547 694 631 742 tuam
646 679 857 753 excellentem,
872 677 919 740 M.
935 678 1024 753 Cato,
1039 676 1274 764 perfectamque
1289 680 1333 743 sa-

230 768 388 851 pientiam,
413 773 477 831 tiem
492 770 539 831 rel
554 764 696 842 maximi,
712 764 797 850 qubd
812 787 968 849 nunquam
984 764 1174 831 senectutem
1188 768 1247 831 tibi
1265 790 1332 855 gra-

229 876 299 917 vem
323 858 380 919 effe
405 855 560 931 senserim3
579 876 649 938 quae
663 854 813 938 plerisqne
827 852 947 921 senibus
964 854 1119 921 srcodiosa
1133 854 1189 933 est,
1201 870 1239 919 ut
1255 878 1332 921 onus
1389 922 1390 939 ,

187 940 252 1006 5se
279 940 513 1029 AEtnagravius
535 944 637 1014 dicant
661 940 816 1005 sustinere.
862 944 939 1005 Cato.
953 940 1034 1003 Rem
1049 940 1331 1007 haudsanediffici-
1389 1010 1390 1031 ,

229 1030 301 1105 lem,
326 1030 430 1114 Scipio
455 1035 485 1093 δι
508 1031 596 1106 Laeli,
619 1028 761 1092 admirari
784 1028 945 1105 videmini3
961 1026 1332 1117 quibusenimnihilopis

228 1116 273 1179 est
284 1117 316 1178 in
331 1118 400 1202 ipsis
415 1119 452 1180 ad
465 1118 543 1182 bene
558 1117 705 1200 beateque
715 1116 890 1193 vivendum,
906 1116 942 1179 iis
956 1116 1055 1179 omnis
1122 1118 1167 1181 vis
1182 1116 1229 1181 est
1244 1134 1331 1196 atas,
1389 1126 1390 1207 ζ

229 1204 283 1286 qui
308 1221 411 1268 autem
432 1205 535 1271 omnia
559 1205 639 1267 bona
663 1208 680 1267 ὲ
702 1202 801 1288 seipfis
820 1217 946 1287 petunt,
966 1203 1002 1265 iis
1013 1204 1074 1267 nih·
1102 1205 1201 1290 potest
1214 1208 1331 1270 malum
1389 1210 1390 1215 ’

227 1292 334 1368 videri,
360 1294 444 1375 quod
472 1308 587 1355 naturae
612 1290 766 1353 necessitas
789 1290 908 1366 afferat;
922 1313 984 1374 quo
999 1291 1029 1353 in
1040 1314 1150 1377 genere
1167 1294 1200 1356 in
1224 1296 1330 1378 primis
1389 1328 1390 1337 ¹

192 1378 445 1443 lOestsenedlus:
475 1402 579 1463 quam,
599 1396 634 1441 ut
645 1377 856 1463 adipiscantur,
876 1399 982 1441 omnes
997 1394 1114 1463 optant,
1127 1382 1265 1445 eandem
1283 1406 1329 1447 ac·

140 1468 148 1476 '
228 1466 332 1528 cusant
358 1470 511 1552 adeptam:
532 1480 616 1529 tanta
631 1466 706 1529 inest
727 1466 924 1528 inconstantia
949 1466 1081 1530 stultitite
1104 1480 1197 1553 atque
1209 1492 1329 1553 perver-

228 1554 304 1615 srtaa.
349 1554 507 1640 Obrepere
518 1556 602 1617 aiunt
613 1574 680 1616 eam
695 1553 784 1615 citius
800 1556 892 1637 quim
907 1554 1064 1638 putassent.
1107 1553 1252 1619 Primirm
1264 1561 1330 1641 quir

225 1640 327 1727 coegit
347 1664 400 1705 eos
412 1642 530 1705 salsum
554 1640 677 1725 putare?
690 1639 743 1725 qui
757 1640 838 1703 enim
850 1640 938 1703 citius
947 1640 1155 1706 adolescentiae
1174 1642 1330 1723 senestus,

227 1749 319 1810 quam
348 1730 484 1813 pueritiae
502 1728 700 1791 adolescentia
724 1726 859 1812 obrepit?
889 1728 998 1793 deinde
1023 1734 1076 1811 qul
1106 1730 1211 1795 mimis
1234 1736 1331 1819 gravis

185 1815 426 1893 l5iissenestus,
442 1818 462 1879 fi
478 1816 762 1902 odingentelimum
789 1837 902 1879 annum
922 1832 1054 1901 agerent,
1092 1814 1163 1881 uim
1178 1818 1330 1911 octogesi-

225 1902 331 1965 mum?
346 1904 497 1986 praeterita
511 1906 593 1966 enim
608 1917 691 1980 retae,
703 1904 840 1985 quamvis
851 1904 951 1988 longa,
970 1926 1043 1967 cum
1058 1839 1230 1983 diluxisset,
1249 1907 1332 1975 nulli

227 1988 432 2053 consolatione
446 1992 634 2075 permulcere
648 1990 744 2075 pollet
758 1990 879 2052 stultam
891 1988 1090 2055 senectutem.
1135 1994 1331 2081 Quocirtili

225 2074 401 2159 sapientiam
412 2099 512 2141 meam
526 2078 667 2139 admirari
681 2075 781 2140 soletis
807 2082 888 2163 (qure
917 2079 1034 2141 utinam
1054 2079 1145 2165 digna
1171 2082 1250 2145 esset
1267 2084 1333 2169 opi-

224 2164 317 2226 nione
330 2162 437 2241 vestri,
451 2165 615 2248 nostroque
630 2166 825 2249 cognomine)
841 2166 872 2227 in
879 2165 939 2228 hoc
954 2164 1056 2229 sumus
1067 2166 1231 2251 sapientes,
1247 2174 1332 2255 quod

180 2256 367 2314 20naturam
387 2253 534 2336 optimam
555 2254 676 2326 ducem,
701 2266 846 2337 tanquam
869 2253 973 2329 deum,
989 2252 1152 2337 sequimur,
1167 2254 1265 2339 eique
1281 2282 1332 2343 pa-

224 2359 339 2402 remus:
369 2338 387 2402 i
407 2345 467 2424 qut
481 2363 542 2403 non
557 2339 714 2403 verisimile
726 2340 779 2416 est,
795 2361 867 2405 cum
882 2354 998 2405 caeterae
1014 2356 1112 2428 partes
1133 2344 1237 2408 aetatis
1251 2346 1331 2410 bend

179 2416 184 2427 ’
224 2425 380 2512 descriptae
408 2429 473 2504 sint,
499 2442 670 2491 extremum
696 2427 812 2506 adium,
837 2441 983 2512 tanquam
995 2429 1032 2494 ab
1047 2430 1135 2493 inerti
1148 2429 1257 2516 poeti,
1273 2437 1332 2500 else

221 2515 414 2600 negleEium:
429 2515 480 2578 sed
490 2530 592 2578 tamen
607 2515 722 2577 necesse
736 2515 796 2577 suit
811 2516 867 2578 esse
882 2517 996 2600 aliquid
1011 2531 1194 2597 extremum,
1213 2525 1246 2585 dr
1263 2537 1333 2586 tan-

223 2624 316 2684 quam
332 2602 474 2673 arborum
501 2603 613 2678 baccis,
633 2617 782 2686 terraeque
791 2603 931 2688 frugibus
947 2605 1119 2669 maturitate
1133 2609 1331 2692 tempestivi,

178 2690 307 2771 25quasr
333 2689 449 2751 vietum
470 2695 499 2754 δι
522 2691 684 2754 caducum:
699 2691 782 2774 quod
802 2689 965 2753 serendum
980 2692 1023 2754 est
1035 2689 1167 2757 molliter
1185 2695 1332 2780 sapienti:

222 2777 296 2857 quid
308 2777 394 2838 enim
419 2777 462 2840 est
485 2777 566 2848 aliud
578 2779 737 2864 gigantum
751 2799 836 2842 more
846 2779 957 2842 bellare
973 2801 1044 2842 cum
1054 2780 1121 2857 diis,
1140 2781 1194 2844 nili
1209 2799 1332 2848 natura:

219 2863 407 2950 repugnare?
433 2866 506 2927 Lael.
532 2867 640 2948 Atqui,
666 2865 755 2942 Cato',
781 2865 1084 2950 gratiffimumnobis,
1110 2883 1145 2931 nt
1160 2871 1255 2934 etiam
1272 2896 1331 2956 pro

218 2947 362 3033 Scipione
387 2951 539 3035 pollicear,
566 2951 685 3028 seceris,
701 2953 734 3029 si,
760 2954 903 3042 quoniam
928 2953 1249 3039 speramus,volumus
1258 2963 1330 3043 qui-

221 3037 292 3098 dem
306 3035 399 3113 certe,
415 3039 500 3102 senes
516 3038 595 3114 fieri,
611 3041 709 3110 multo
725 3039 823 3102 anteit
837 3054 866 3104 te
882 3041 1088 3120 didicerimus,
1111 3043 1228 3128 quibus
1239 3048 1330 3111 sacil-

176 3124 296 3186 30lime
310 3125 474 3188 rationibus
489 3127 743 3212 ingravescentem
758 3140 877 3190 aetatem
887 3127 966 3191 serre
979 3129 1131 3214 possimus.
1177 3135 1260 3198 Can.
1272 3136 1331 3201 Fa·

174 3282 179 3295 ,
217 3211 296 3273 ciam
310 3233 392 3288 vero,
414 3213 488 3276 Laeli
494 3240 504 3292 3
534 3214 698 3298 prasertim
715 3215 734 3275 sr
750 3215 870 3298 utrique
881 3215 1023 3293 restrum,
1039 3233 1072 3280 ut
1087 3217 1174 3294 dicis,
1199 3237 1328 3305 gratum

216 3298 356 3362 suturum
365 3300 418 3363 est.
451 3301 522 3384 Scip.
534 3301 688 3364 Volumus
699 3299 780 3377 sane,
789 3303 842 3366 nisi
852 3302 1012 3366 molestum
1021 3303 1064 3368 est
1076 3304 1141 3382 tibi,
1150 3305 1244 3386 Cato,
1258 3325 1330 3374 mn·

217 3385 311 3466 quam
323 3388 455 3470 aliquam
477 3391 556 3449 viam
565 3390 688 3472 longam
714 3389 891 3466 confeceris,
917 3411 1008 3474 quam
1033 3391 1120 3456 nobis
1135 3415 1263 3479 quoque
1281 3399 1330 3460 in·

216 3475 417 3554 grediendum
428 3477 472 3550 srt,
483 3475 569 3551 istuc,
580 3479 640 3558 qub
651 3476 822 3562 pervenisti,
836 3477 937 3541 videre
953 3479 1040 3562 quale
1057 3480 1101 3542 sit.

259 3559 314 3621 111.
332 3566 408 3625 cato.
433 3563 565 3638 Faciam,
589 3577 624 3626 ut
638 3579 755 3649 potero,
774 3564 865 3640 Laeli3
887 3564 964 3648 saepe
988 3567 1071 3629 enim
1096 3567 1224 3632 interfui
1247 3595 1328 3655 que.
1389 3623 1390 3648 ,

215 3645 284 3707 reiis
309 3667 446 3710 meorum
462 3650 635 3733 aequalium,
665 3673 751 3736 pares
773 3667 874 3714 autem
895 3654 1113 3740 comparibus,
1141 3657 1238 3722 veteri
1252 3683 1328 3744 pro·
1389 3701 1390 3714 2

145 3788 148 3792 .
215 3731 329 3809 verbio,
349 3734 489 3800 facillime
505 3751 736 3823 congregantur,
757 3761 825 3822 quae
841 3739 877 3802 C.
893 3740 1052 3819 Salinator,
1071 3763 1139 3827 quae
1161 3743 1217 3828 sp.
1234 3747 1328 3812 Albi-

214 3841 284 3895 nus,
301 3820 439 3884 homines
454 3823 644 3900 Consulares,
659 3825 751 3888 nostri
767 3827 830 3889 sere
845 3828 987 3910 requales,
1002 3829 1158 3913 deplorare
1172 3831 1326 3900 solebant:

179 3915 278 3970 5tum
304 3910 387 3991 quod
405 3911 608 3994 voluptatibus
632 3926 778 3990 carerent,
802 3915 860 3977 srne
887 3914 996 3998 quibus
1010 3917 1103 3979 vitam
1123 3920 1241 3982 nullam
1264 3945 1327 4006 pu-

122 4067 127 4075 *
214 4010 325 4058 tarent:
350 3994 416 4058 tbm
432 3999 515 4080 qudd
535 3999 745 4082 spernerentur
767 4001 804 4064 ab
824 4003 870 4078 iis,
887 4007 903 4064 *a
918 4003 1029 4086 quibus
1043 4005 1135 4068 ellent
1150 4008 1212 4070 coli
1226 4008 1325 4088 soliti,
1389 4017 1390 4022 ’

214 4085 268 4164 qui
283 4083 358 4144 mihi
369 4106 431 4147 non
442 4085 473 4146 id
486 4085 665 4149 videbantur
675 4090 824 4164 accusare,
839 4091 922 4172 quod
933 4091 1004 4154 esset
1014 4091 1234 4172 accusandum
1249 4119 1327 4162 nam
1389 4115 1390 4118 ’

213 4169 234 4228 fi
248 4170 280 4231 id
295 4169 384 4255 culpi
406 4171 569 4236 senecintis
584 4175 743 4253 accideret,
769 4179 875 4240 eadem
890 4176 965 4239 mihi
981 4179 1035 4240 usu
1057 4181 1225 4260 evenirent,
1250 4187 1326 4248 reli-

207 4256 338 4351 quisque
362 4261 504 4326 omnibus
529 4261 693 4350 majoribus
718 4277 804 4328 natu:
829 4285 959 4350 quorum
977 4287 1034 4366 ego
1054 4269 1223 4334 multorum
1247 4293 1326 4362 cog-
