2825 4775
562 248 595 332 'V
616 268 632 333 1
652 266 682 333 T
705 271 746 334 Α.
1165 287 1224 334 xxv

91 420 146 485 tur,
157 402 209 489 qui
224 402 264 465 de
275 400 362 466 claris
377 400 545 465 oratoribus
559 392 615 467 est?
657 402 736 467 Cato
751 402 803 465 fibi
811 400 915 466 Uticae
926 410 1056 465 mortem
1067 400 1221 465 conscivit.

91 492 197 569 Cesar,
208 490 356 553 Africano
366 489 445 553 bello
456 488 610 568 confesio,
621 489 754 553 Romam
765 491 864 568 rediit,
874 490 927 552 ubi
941 490 978 552 ab
994 512 1030 551 eo
1044 488 1158 551 honore
1170 488 1223 552 Ci-

90 599 158 644 cero
181 577 373 641 alliciebatur.
417 574 539 661 Scripsit
562 578 654 640 vitam
669 578 803 642 Catonis.
818 577 955 662 Pepercit
966 577 1111 638 Marcello
1127 576 1226 638 Caesar

90 678 207 753 rogante
222 664 347 728 Senatu.
392 663 509 740 Cicero,
536 666 588 749 qni
604 666 684 728 srlere
699 665 731 727 in
753 662 905 749 posterum
925 664 1075 738 statuerat,
1109 664 1228 748 roganti

93 752 263 816 sententiam
288 749 470 835 amplissimis
494 752 592 815 verbis
617 752 727 817 Caesari
749 753 857 839 gratias
881 751 955 837 egit:
984 752 1157 839 quaeloratio
1170 771 1226 832 pro

92 839 233 903 Marcello
247 852 338 902 extat.
381 839 469 901 Dixit
491 859 612 922 quoquc
640 864 655 903 a
679 841 721 901 ud
744 839 892 902 Caesarem
905 860 960 921 pro
976 837 1109 922 Ligari0‚
1134 856 1227 921 quern

93 926 372 991 crimineliherarit.
414 925 536 989 Tullius
551 948 622 990 cum
635 863 778 990 absentia
787 927 949 989 divortium
962 925 1044 989 fecit.
1131 979 1135 990 .

340 1052 492 1117 ANNUS
515 1054 647 1119 URBIS
670 1054 884 1117 CONDITAE
907 1059 979 1117 708.

94 1190 156 1279 Coffi
172 1190 207 1254 C.
226 1190 309 1280 Julio
325 1188 580 1275 Cascrrequamim,
593 1188 807 1273 Dictatoreſsne
823 1188 933 1273 collegd,
947 1202 1012 1251 ante
1021 1186 1162 1279 Christum
1174 1199 1224 1255 44.

381 1324 384 1333 .
421 1278 559 1339 Ciceronis
563 1274 746 1362 sexagefimus
750 1276 895 1363 secundus.

130 1412 261 1478 Dimissi
269 1410 424 1487 Terentia,
439 1410 547 1475 Cicero
560 1412 710 1497 virginem
729 1411 892 1494 quandam,
907 1410 1032 1474 nomine
1054 1410 1227 1489 Publiliam,

92 1521 215 1564 uxorem
234 1500 330 1577 duxit,
345 1520 473 1583 eamque
488 1499 621 1574 divitem,
637 1513 671 1560 ut
682 1520 723 1560 aes
737 1499 869 1560 alienum
884 1498 1058 1561 dissolveret.
1102 1499 1175 1562 Non
1186 1500 1229 1562 ita

93 1585 190 1650 multia
204 1585 272 1671 pbli
283 1586 385 1649 Tullia
397 1587 462 1672 ejus
472 1585 532 1648 filia
543 1586 660 1670 pariens
672 1586 752 1669 apud
766 1584 933 1648 Lentulum
947 1585 1033 1647 obiit.
1057 1585 1175 1649 Mirum
1183 1586 1228 1651 est

94 1688 206 1757 quanto
217 1675 280 1759 ejus
288 1673 432 1737 desiderio
442 1672 590 1736 exarserit.
633 1672 739 1735 Plures
747 1673 802 1734 riri
817 1694 920 1757 graves
933 1694 1004 1734 eum
1013 1672 1106 1735 literis
1124 1674 1229 1737 conso-

93 1762 142 1823 lati
163 1760 246 1837 sunt;
271 1760 318 1823 M.
340 1762 463 1835 Brutus,
485 1760 646 1836 Lucceius,
668 1765 698 1825 &
718 1759 826 1835 Caesar,
849 1760 985 1843 quitum
1011 1774 1074 1822 erat
1095 1758 1228 1842 Hispali;

92 1848 148 1923 sed,
159 1853 231 1911 crim
242 1868 367 1910 omnem
376 1846 609 1910 consolationem
621 1849 707 1911 dolor
716 1848 859 1921 vinceret,
874 1848 985 1931 scripfit
998 1846 1120 1921 librum,
1135 1860 1229 1929 quern

92 1935 298 2084 caparnaum
317 1933 470 2019 inscripsit.
514 1934 636 1998 Dicitur
655 1931 747 2018 pauli>
762 1932 829 2017 pbst
840 1934 999 1997 Publiliam
1010 1935 1170 2019 conjugem
1182 1934 1230 1995 di-

90 2024 128 2084 mi
171 2044 202 2099 e,
232 2018 321 2105 qubd
348 2036 445 2085 morte
466 2020 578 2085 Tulliae
601 2022 660 2084 visa
683 2022 727 2084 est
751 2022 854 2083 laetari.
901 2020 972 2083 Post
999 2020 1077 2082 illins
1098 2036 1230 2083 nrortem

89 2108 196 2173 Cicero
219 2110 315 2171 domo
339 2107 447 2184 ahsuit,
468 2123 559 2191 atque
577 2110 608 2171 in
631 2109 836 2171 caeterisrillia
849 2108 1012 2170 maximam
1028 2108 1098 2168 anni
1113 2124 1229 2191 partem

88 2196 118 2258 in
139 2194 345 2279 Philosophia
369 2194 473 2257 studiis
493 2193 602 2279 posuit.
646 2194 844 2257 Hortensium
868 2194 1075 2278 scrips1t5quo
1098 2195 1129 2255 in
1152 2196 1229 2257 libro

87 2282 314 2366 Philosophiam
337 2280 374 2343 ab
396 2280 558 2343 Hortensio
572 2281 771 2364 vituperatam
786 2280 930 2344 defendit.
979 2280 1123 2345 Meminit
1137 2282 1230 2367 hujus

88 2369 156 2432 libri
176 2369 220 2434 D.
246 2366 447 2452 Augustinus,
463 2368 575 2452 aitque,
590 2368 670 2430 illius
685 2368 816 2432 lectione
837 2370 876 2432 ad
896 2368 1072 2434 Christiana
1095 2368 1230 2434 Philoso-

88 2457 166 2541 phiae
188 2455 477 2540 contemplationem
500 2455 534 2518 se'
554 2456 709 2519 incensum
724 2456 820 2520 fuisse.
863 2455 994 2520 Duobus
1010 2456 1092 2518 libris
1111 2457 1229 2518 Acade-

89 2545 174 2608 micis
198 2543 378 2628 posteriores
396 2544 473 2606 duos
490 2543 612 2629 adjecit:
627 2542 740 2626 scripsit
754 2565 875 2626 quoque
888 2544 980 2604 libros
989 2543 1027 2604 de
1049 2541 1173 2604 Finibus
1198 2548 1229 2606 δε

90 2630 312 2694 Laudationem
339 2628 467 2702 Porciae,
491 2628 598 2692 sororis
626 2629 674 2690 M.
701 2629 836 2704 Catonis,
864 2633 894 2691 &
919 2629 1020 2690 uxoris
1043 2627 1079 2689 L.
1100 2629 1230 2693 Domitii

92 2717 270 2780 AEnoharhi.
314 2715 414 2780 Caesar
429 2738 466 2778 ex
480 2715 626 2800 Hispanis
639 2714 738 2778 sistor
752 2715 852 2778 mense
864 2714 994 2780 Ostobri
1014 2716 1046 2777 in
1060 2715 1167 2780 urbem
1181 2739 1228 2781 re-

92 2802 162 2880 diit,
176 2805 257 2887 apud
270 2825 361 2887 quem
376 2803 485 2866 Cicero
499 2823 554 2886 pro
568 2823 638 2886 rege
652 2801 799 2889 Dejotaro
809 2804 974 2866 orationem
985 2802 1099 2866 habuit.

344 2911 497 2976 ANNUS
519 2911 651 2975 URBIS
673 2909 886 2976 CONDITAE
908 2913 982 2977 709.
1096 2940 1102 2948 ·

93 3025 161 3116 Coffi
180 3025 215 3090 C.
231 3025 315 3115 Julio
342 3022 456 3108 Caescrre,
472 3021 525 3086 M.
546 3021 757 3098 Antonianas:
778 3020 917 3112 Chnstum
940 3031 991 3087 43.
1008 3025 1146 3091 Ciceronis
1145 3026 1230 3110 sexa-

541 3111 655 3198 geſsurus
669 3113 777 3172 tertius.

132 3219 256 3298 Cicero,
271 3219 336 3305 post
351 3220 485 3305 quinque
500 3217 590 3282 libros
605 3220 642 3281 de
657 3218 792 3294 Finibus,
806 3220 941 3303 quinque
956 3219 1028 3284 alios
1044 3219 1230 3284 Tusculana-

87 3328 160 3372 rum
171 3307 375 3391 quaestionum
389 3307 493 3370 edidit.
537 3306 628 3368 Initio
638 3306 730 3391 hujus
739 3307 810 3368 anni
819 3307 929 3370 Romae
937 3307 1006 3383 suit,
1024 3311 1053 3370 ἃ
1069 3307 1139 3372 Kal.
1162 3308 1229 3372 lan.

87 3397 120 3458 in
139 3393 258 3460 Senatu
278 3394 385 3471 adsuit,
400 3393 472 3456 cum
491 3393 601 3470 Caesar,
626 3393 776 3456 refistente
800 3391 947 3471 Antonio,
961 3394 1151 3460 Dolabellam
1160 3395 1232 3474 sub-

163 3504 197 3545 re
210 3481 263 3544 srbi
276 3482 380 3545 voluit.
424 3479 529 3542 Idibus
543 3481 662 3542 Martiis
676 3480 865 3566 doonjuratis
875 3482 908 3543 in
917 3481 1054 3564 Pompeii
1065 3481 1149 3545 curii
1158 3504 1232 3546 con-

88 3503 185 3634 libus
196 3568 254 3633 est:
268 3568 320 3632 sed
334 3568 406 3651 quia
420 3589 457 3632 eo
468 3566 629 3632 interfecto
644 3568 758 3630 Brutus
781 3569 946 3654 pugionem
965 3570 1123 3644 extollens,
1142 3569 1232 3633 Cice-

88 3677 199 3720 ronem
214 3655 403 3730 exclamavit,
418 3655 497 3718 illius
512 3655 726 3740 conjurationis
742 3656 854 3738 partice
904 3658 1035 3720 creditus
1048 3657 1105 3718 est:
1119 3656 1170 3719 sed
1184 3680 1232 3721 re-

86 3751 163 3806 vera
175 3765 239 3808 non
252 3742 325 3820 suit,
339 3757 374 3806 ut
387 3741 566 3805 Plutarchus
580 3740 688 3805 scribit.
732 3742 796 3806 Dio
809 3763 842 3805 re
855 3757 902 3805 ert
915 3744 966 3808 lib.
984 3752 1036 3806 44.
1050 3745 1233 3827 percussores

87 3829 230 3909 Caesarie,
244 3830 318 3894 crim
331 3827 349 3893 ὲ
365 3829 446 3893 cur-it
457 3829 488 3892 in
501 3829 604 3893 sorum
618 3829 647 3891 se
663 3827 844 3912 conferrent,
858 3831 963 3896 crebro
982 3831 1160 3909 Ciceronem
1179 3855 1232 3894 ex-

85 3918 243 3982 clamfiffe:
272 3939 343 3982 cum
367 3917 425 3980 illis
448 3915 556 3982 Cicero
579 3917 608 3980 se
617 3918 729 4000 recepit
754 3917 785 3978 in
800 3916 994 4001 Capitolium,
1009 3939 1108 4002 neque
1122 3920 1233 3982 adduci

84 4003 205 4088 potnit,
232 4019 268 4068 ut
293 4006 329 4068 ad
339 4003 511 4067 Antonium
526 4006 591 4068 iret.
636 4002 707 4066 Post
718 4004 800 4066 diem
813 4006 936 4069 tertium
950 4007 982 4070 in
993 4007 1089 4069 aedem
1099 4006 1233 4069 Telluris

85 4093 186 4168 venit,
209 4091 265 4155 ubi
287 4091 416 4155 Senatus
429 4090 603 4167 habebatur,
615 4093 693 4155 &ad
703 4113 808 4176 pacem
823 4093 902 4156 cives
916 4094 1052 4157 hortatus
1065 4093 1119 4168 est,
1134 4093 1233 4155 Athe-

86 4177 243 4254 uiensrum
267 4181 419 4264 exemplo:
441 4178 545 4246 hahuit
567 4200 688 4264 quoque
712 4180 864 4246 Antonius
888 4177 1066 4246 Orationem
1088 4181 1126 4244 de
1149 4179 1232 4244 Con-
