2825 4775
467 253 471 262 '
549 273 608 338 or
630 272 845 339 amoma.
900 346 903 353 ,
1206 285 1263 342 sn

125 405 215 469 beati.
259 406 292 470 Ο
320 405 492 489 praeclaram
507 404 694 489 sapientiam!
719 406 822 469 Solem
843 405 954 469 enims
978 408 1093 489 mundo
1117 410 1222 473 tollere

124 495 274 568 videntur,
304 497 358 574 qui
379 493 539 555 amicitiam
554 490 572 553 ὲ
590 490 652 554 viti
676 494 799 556 tollunt:
829 500 888 576 quai
902 500 917 555 ὲ
932 492 988 556 diis
1003 495 1222 559 immortalibus

123 581 199 642 nihil
213 582 322 644 melius
336 580 491 656 habemus,
513 579 587 641 nibil
613 581 793 665 jucundius:
823 580 951 663 quaeest
971 583 1264 647 entmistasecu-us

124 667 214 731 ritas?
242 668 338 751 specie
353 670 476 752 quidem
490 667 611 741 blanda,
639 667 801 751 sed’renpse
825 666 929 731 multis
940 668 1011 731 locis
1023 671 1221 753 repudianda,

125 776 226 838 neque
254 757 335 817 enim
364 755 611 827 consentaneum,
636 755 729 815 ullam
757 755 914 817 honestam
939 776 1007 818 rem
1022 756 1224 835 astionemve,

125 864 166 904 ne
176 842 305 906 solicitus
320 843 366 918 fis,
391 857 519 905 autnon
535 839 690 923 suscipere,
717 858 769 903 aut
783 840 947 925 susceptam
958 844 1122 927 deponere3
1136 844 1222 927 qubd

124 929 405 1015 licuramsugintus,
415 930 510 990 virtus
524 928 667 1011 fugienda
681 927 739 1003 est;
753 950 832 1011 quae,
846 931 961 993 necesse
975 930 1029 1005 est,
1041 944 1075 991 ut
1084 952 1154 991 curn
1170 934 1224 994 ali-

124 1024 183 1100 qui
194 1025 265 1082 curi
278 1040 325 1080 res
337 1018 389 1077 srbi
400 1015 561 1077 contrarias
571 1014 744 1098 aspernetur
755 1030 845 1099 atque
860 1018 970 1093 oderit3
981 1032 1015 1078 ut
1028 1016 1145 1080 bonitas
1154 1026 1265 1082 uta-30

123 1104 228 1181 sitiam,
246 1104 444 1187 temperantia
454 1101 621 1176 libidinem,
641 1102 790 1185 ignaviam
800 1103 955 1166 fortitudo.
1002 1105 1108 1187 Itaque
1122 1106 1223 1169 videas

122 1192 212 1256 rebus
226 1190 344 1275 injustis
355 1189 451 1274 justos
466 1187 596 1250 maximi
611 1191 726 1264 dolere,
741 1190 941 1253 imbecillibus
955 1192 1058 1265 fortes,
1074 1191 1223 1276 flagitiosas

123 1277 284 1340 modestos.
328 1277 409 1361 Ergo
422 1274 481 1339 hoc
495 1277 650 1360 proprium
660 1276 702 1339 est
715 1278 807 1339 animi
815 1278 891 1339 beni
902 1278 1066 1354 constituti,
1083 1282 1112 1347 δι
1130 1280 1223 1342 laetari

123 1365 211 1427 bonis
224 1364 326 1439 rebus,
342 1364 484 1427 &dolere
499 1365 664 1427 contrariis.
710 1364 918 1451 Quamobrem
934 1365 955 1425 s1
970 1366 1049 1428 cadit
1063 1366 1094 1433 in
1109 1366 1224 1450 sapien-

123 1465 187 1514 tem
202 1452 295 1514 animi
309 1452 405 1526 dolor,
435 1451 488 1533 qui
512 1451 652 1535 profesio
674 1452 765 1527 cadit,
794 1452 847 1513 nisi
863 1474 900 1514 ex
920 1454 986 1537 ejus
1000 1454 1102 1515 animo
1116 1453 1265 1516 exstit-35
1321 1466 1322 1471 ’

121 1539 445 1623 patamhumanitatem
469 1538 659 1613 arbitremur,
683 1560 752 1622 quae
778 1538 865 1601 causa
891 1539 945 1614 est,
975 1561 1035 1602 cur
1061 1540 1224 1606 amicitiam

124 1627 260 1689 funditus
274 1627 415 1688 tollamus
430 1630 445 1685 ὲ
459 1623 530 1701 viti,
545 1648 585 1688 ne
599 1627 714 1710 aliquas
729 1643 851 1709 propter
865 1648 931 1688 eam
951 1626 1143 1710 suscipiamus
1158 1650 1224 1691 mo-

52 1727 56 1733 ’
123 1713 240 1777 lestias?
266 1713 351 1800 Quid
365 1713 447 1775 enim
462 1713 594 1789 interest,
623 1728 710 1775 motu
725 1714 816 1775 animi
836 1714 961 1789 sublato,
991 1736 1052 1777 non
1067 1715 1225 1777 dicoirrter

124 1802 282 1863 hominem
295 1804 324 1863 &
341 1800 502 1884 pecudem,
531 1800 582 1863 sed
597 1802 677 1863 inter
690 1799 846 1863 hominem
875 1804 905 1863 Sc
928 1800 1043 1877 saxum,
1069 1817 1121 1865 aut
1139 1818 1226 1865 trun-

125 1910 208 1964 cum,
237 1902 289 1949 aut
303 1888 422 1971 quidvis
432 1889 550 1971 generis
562 1886 713 1972 ejusdem?
730 1908 829 1971 neque
839 1889 920 1950 enirn
930 1888 997 1951 sunt
1008 1889 1055 1951 isti
1067 1890 1219 1967 audiendi,
1226 1896 1268 1952 to

125 1976 178 2059 qui
192 1975 334 2037 virtutem
348 1976 466 2049 duram,
495 1978 525 2036 81
541 1974 622 2057 quast
646 1976 776 2037 ferream
799 1977 856 2037 else
875 1976 991 2051 volunt,
1016 1998 1083 2059 quae
1101 1978 1224 2059 quidem

124 2062 168 2125 est
194 2084 265 2125 cum
280 2062 383 2125 multis
397 2062 429 2123 in
444 2061 543 2137 rebus,
568 2077 635 2124 tum
649 2063 682 2123 in
697 2062 837 2137 amicitiai,
863 2078 965 2125 tenera
979 2059 1069 2145 arque
1083 2064 1225 2126 traslabi-

122 2150 174 2212 tis:
203 2165 238 2212 ut
254 2153 282 2212 &
298 2149 386 2211 bonis
400 2148 489 2211 amici
504 2149 584 2231 quasa
596 2149 814 2225 diffundantur,
833 2153 861 2209 &
892 2148 1091 2211 incommodis
1106 2164 1226 2212 contra-

122 2237 245 2299 hantur.
283 2234 492 2321 Quamobrem
501 2257 594 2320 angor
603 2234 667 2310 iste,
679 2236 732 2317 qui
742 2256 796 2318 pro
806 2234 903 2297 amico
912 2234 988 2319 saepe
1000 2236 1226 2319 capiendusest,

123 2345 188 2387 non
202 2338 321 2385 tantum
334 2324 423 2400 valet,
448 2324 607 2408 utvtoltate
622 2322 681 2387 viti
695 2322 871 2397 amicitiam
901 2342 963 2384 non
977 2324 1056 2406 plus,
1081 2324 1174 2406 qu'aim
1190 2332 1269 2388 ut45

122 2413 260 2487 virtutes,
272 2412 324 2494 q'ui
336 2411 493 2473 nonnullas
503 2431 592 2473 curas
608 2415 639 2474 &
654 2411 804 2472 molestias
819 2409 958 2485 afferunt,
972 2411 1177 2494 repudientur.

169 2499 257 2561 XIV.
279 2499 359 2560 Ciam
378 2512 479 2560 autem
495 2497 650 2560 contrahat
672 2498 847 2574 amicitiam,
876 2510 910 2558 ut
925 2496 1011 2580 supra
1028 2497 1101 2573 dixi,
1131 2499 1226 2581 siqua
1252 2505 1265 2560 1

123 2586 304 2672 fignificatio
325 2584 445 2648 virtutis
467 2585 594 2661 eluceat,
620 2586 772 2667 adquam
795 2585 825 2647 se
840 2583 940 2649 similis
955 2587 1075 2646 animus
1098 2588 1226 2669 applicet

127 2677 159 2738 a
175 2675 333 2760 adjungam
348 2673 380 2735 id
393 2693 464 2735 cum
480 2673 638 2757 contingit,
667 2693 752 2734 amor
766 2673 915 2734 exoriatur
936 2671 1049 2734 necesse
1064 2671 1122 2748 est3
1153 2674 1228 2756 quid

125 2760 209 2823 enim
223 2756 285 2824 tim
311 2759 484 2835 absurdum,
510 2765 602 2843 quim
624 2758 768 2821 delectari
787 2759 891 2820 multis
909 2759 1047 2820 inanibus
1067 2759 1166 2836 rebuS,
1193 2775 1227 2824 ut

122 2849 251 2925 honore,
284 2860 325 2909 ut
344 2845 448 2932 glomi,
474 2862 517 2914 ut
539 2845 679 2923 aedificio,
716 2863 750 2909 ut
768 2845 887 2922 vestitu,
911 2848 1056 2928 cultuque
1080 2847 1226 2930 corporis,
1250 2855 1270 2910 5

123 2938 228 2998 animo
242 2948 344 2997 autem
363 2935 473 2997 virtute
497 2934 635 3018 praedito,
654 2955 702 3008 eo,
721 2933 785 3015 ‚qui
799 2934 846 2995 vel
858 2953 968 3009 amare,
993 2933 1052 3008 vel,
1082 2948 1116 2996 ut
1130 2934 1171 2996 ita
1182 2935 1228 2996 di-

123 3043 205 3098 cam,
229 3022 381 3085 redamare
402 3021 500 3105 poffit,
524 3043 585 3084 non
605 3021 767 3084 admodbm
788 3019 949 3082 deledlari?
979 3019 1054 3082 nihil
1076 3021 1118 3082 est
1145 3023 1228 3084 enim

122 3109 366 3172 remuneratione
388 3109 615 3183 benevolentiae,
636 3107 712 3169 nihil
723 3106 918 3169 vicissitudine
933 3105 1100 3170 studiorum
1115 3109 1229 3170 officio-

124 3217 258 3278 rumque
263 3196 438 3280 jucundius.
469 3193 598 3281 Quodsi
613 3194 704 3257 etiam
716 3195 791 3256 illud
806 3195 955 3270 addimuS,
968 3195 1049 3277 quod
1065 3195 1147 3257 redte
1160 3197 1230 3257 addi

123 3283 235 3369 potest,
264 3281 339 3344 nihil
359 3283 427 3357 else,
456 3283 538 3364 quod
549 3284 586 3344 ad
601 3282 631 3345 se
644 3301 709 3344 tem
724 3283 818 3344 ullam
843 3289 905 3344 tim
926 3282 1075 3344 illiciat&
1099 3281 1162 3344 tim
1181 3290 1272 3353 at-10

121 3370 235 3446 trabat,
259 3369 353 3453 quiam
376 3369 414 3431 ad
428 3370 590 3432 amicitiam
614 3369 789 3432 similitudo:
818 3369 1000 3430 concedetur
1014 3369 1155 3452 profe&b
1175 3393 1230 3433 ae-

124 3479 196 3523 rum
210 3458 279 3534 else,
304 3471 340 3519 ut
361 3456 458 3518 moos
479 3456 552 3518 boni
571 3457 707 3542 diligant,
736 3454 957 3539 adsciscantque
978 3456 1030 3517 fibi
1053 3457 1134 3539 quast
1159 3479 1231 3542 pro-

123 3546 295 3632 pinquitate
320 3543 503 3630 conjundios
531 3557 622 3627 atque
636 3541 759 3617 naturi3
785 3543 860 3605 nihil
882 3545 925 3605 est
944 3543 1026 3604 enim
1041 3545 1231 3627 appetentius

125 3634 268 3696 similium
279 3631 335 3707 sui,
349 3633 425 3694 nihil
435 3629 583 3714 rapacius,
598 3629 691 3714 quiam
706 3643 822 3692 natura.
868 3627 1077 3716 Qulmobrem
1090 3632 1147 3694 hoc
1164 3633 1231 3714 qui-

126 3723 211 3796 dem,
234 3720 341 3793 Fanni,
369 3724 399 3782 u
425 3719 570 3794 scaevola,
596 3719 723 3792 constat,
749 3730 783 3778 ut
797 3719 915 3801 opinor,
939 3717 1026 3792 bonis
1041 3719 1118 3782 inter
1132 3718 1273 3782 bonosl5

125 3809 210 3892 quast
222 3805 411 3869 necessariam
424 3805 665 3871 benevolentiam
679 3805 752 3880 esse,
763 3805 816 3887 qui
831 3805 874 3866 ell
889 3805 1028 3869 amicitiae
1043 3805 1111 3868 sona
1127 3819 1230 3882 natur3

125 3894 322 3959 constitutus:
345 3892 395 3955 sed
409 3895 514 3956 eadem
537 3892 655 3956 bonitas
666 3893 757 3956 etiam
780 3893 818 3954 ad
839 3891 1065 3957 multitudinem
1085 3892 1231 3976 pertineri

125 4004 190 4047 non
204 3981 248 4055 est
263 3981 344 4044 enim
355 3979 520 4042 inhumana
533 3980 639 4056 virtus,
668 4000 769 4062 neque
788 3980 944 4058 immunis,
973 4001 1073 4062 neque
1092 3976 1231 4062 superba:

126 4069 302 4154 quaeetiam
316 4069 446 4152 populos
460 4068 612 4132 universos
637 4066 728 4141 tueri,
756 4067 858 4149 eisque
882 4070 995 4153 optimi
1017 4066 1171 4128 consulere
1185 4063 1232 4127 so-

126 4157 369 4240 leatzquodnon
396 4154 509 4219 faceret
530 4153 679 4240 profesto,
710 4153 730 4216 sr
755 4153 773 4218 i
796 4154 917 4225 caritate
938 4154 1021 4238 vulgi
1047 4152 1277 4219 abhorreretso

128 4243 337 4330 Atqueetiam
353 4241 428 4306 mihi
454 4243 577 4327 quidem
591 4241 743 4322 ridentur,
769 4244 822 4334 qui
845 4243 981 4330 utilitatis
1002 4247 1090 4310 causi
1113 4240 1234 4336 lingunt
