2825 4775
349 283 707 387 onurrorcou.
730 289 901 359 como.
1173 268 1241 361 asi

93 428 212 493 facinus
227 429 339 492 nullam
353 427 393 492 ob
416 423 533 492 causam
560 423 618 489 effe
640 423 855 488 commiffum?
888 426 919 490 dc
933 443 988 489 rot
1002 439 1066 490 non
1085 425 1194 493 videtis

93 517 171 602 fingi
186 517 299 580 sceleris
324 514 450 578 maximi
478 513 605 591 crimen,
635 513 814 576 ut'alterius
839 533 930 579 causa
955 513 1073 578 sceleris
1103 515 1239 581 susci-10

92 599 459 687 piendifuillevideatur?
503 601 566 668 cui
593 600 726 686 denique
744 595 919 665 commitit?
964 624 1026 685 quo
1055 603 1193 689 adjutore

93 691 166 755 usus
176 691 243 756 est?
264 713 325 776 quo
339 689 442 754 socio?
474 711 537 774 quo
548 685 697 753 conscio?
727 689 788 753 cui'
803 705 923 752 tantum
934 687 1064 767 facinus,
1086 693 1137 754 cui
1151 693 1194 771 se,

92 779 144 840 cui
154 780 275 842 salutem
287 779 368 842 fuam
379 777 534 842 credidit?
549 777 693 840 servis-ne
708 775 869 841 mulieris?
886 777 924 840 fic
939 780 1021 840 enirn
1035 777 1194 863 objeilum

91 865 155 942 est;
180 870 209 930 dr
226 879 288 931 erat
317 881 379 930 tam
405 863 608 941 dernenslric,
629 863 679 927 cui
693 885 749 928 vos
773 863 932 952 ingenium
955 870 1036 928 certe
1050 866 1203 949 tribuitisk

91 953 200 1016 etiamfi
222 969 332 1020 caetera
353 953 474 1018 inimici
491 951 627 1016 oratione
642 950 819 1030 detrahatis,
842 965 878 1015 ut
905 970 1012 1015 omnes
1038 952 1105 1016 suas
1127 956 1237 1024 for-15

86 1052 175 1104 tonas
190 1041 293 1106 alienis
308 1041 399 1106 servis
428 1037 656 1104 committeret?
688 1039 845 1121 atquibus
867 1037 980 1102 servis?
1002 1041 1096 1105 relert
1110 1043 1194 1106 enim

91 1131 312 1214 magnoperbid
332 1129 452 1216 ipsum:
488 1127 601 1202 hie-ne,
625 1147 703 1212 quos
726 1126 915 1212 intelligebat
942 1147 1006 1188 non
1035 1132 1194 1195 communi

88 1218 257 1283 conditione
279 1217 432 1282 servitutis
457 1216 515 1290 uti,
537 1213 588 1276 sed
603 1214 753 1290 licentids,
775 1213 908 1292 liberius,
921 1213 1101 1280 familiaribs‘
1114 1225 1194 1282 'cum

86 1303 206 1369 demunt
224 1303 349 1369 virere?
385 1303 454 1388 quis
463 1303 546 1366 enirn
560 1300 619 1364 loc
634 1322 696 1364 non
710 1301 809 1378 ridet,
827 1300 845 1366 J
847 1302 961 1379 udices,
983 1296 1036 1366 aut
1050 1305 1119 1388 quis
1133 1305 1192 1370 hoc

87 1389 213 1476 ignorat,
247 1393 280 1455 in
300 1390 450 1479 ejusmodi
471 1391 574 1466 domo,
608 1389 640 1451 in
669 1395 729 1473 qut
750 1389 991 1453 mater-familias
1016 1394 1237 1460 meretriciow

87 1481 282 1544 more'vivnt:
319 1479 351 1541 in
367 1483 426 1562 qul
439 1475 516 1540 nihil
530 1491 661 1564 geratur,
698 1477 782 1561 quod
810 1476 891 1542 foras
905 1475 1122 1562 proferendum
1138 1483 1191 1547 lit:

82 1563 113 1627 in
127 1566 189 1651 qud
213 1567 318 1643 lustra,
348 1563 498 1642 libidines,
520 1566 664 1640 luxuries,
684 1565 789 1627 omnia
809 1565 941 1651 denique
956 1565 1090 1631 inaudita
1118 1569 1192 1634 vitia

84 1653 299 1740 atquellagitia
313 1652 489 1730 versentor3
511 1652 561 1716 hic
573 1651 674 1715 servos
696 1673 762 1714 non
782 1651 840 1716 effe
863 1653 975 1732 servos,
997 1655 1108 1739 quibus
1122 1679 1190 1721 om·

83 1742 132 1802 nia
162 1740 404 1818 committantur,
427 1761 480 1825 per
504 1759 581 1826 quos
606 1755 761 1828 gerantur,
784 1739 838 1825 qui
858 1741 1015 1805 uersentur
1036 1741 1142 1806 iisdem
1157 1745 1189 1808 in

83 1828 305 1912 voluptatibus,
335 1829 445 1912 quibus
477 1827 597 1892 occulta
627 1828 799 1905 credantur,
821 1829 860 1892 ad
889 1850 967 1914 quos
995 1829 1232 1915 aliquantumld

80 1915 170 1978 etiarn
181 1939 220 1978 ex
236 1915 421 2002 quotidianis
440 1915 610 2000 sumptibus
620 1927 668 1979 ”ac
683 1914 803 1978 luxurii
826 1915 1003 1980 redundet?
1041 1917 1077 1982 ld
1096 1919 1189 2004 igitur

84 2001 197 2067 Coelius
212 2025 277 2066 non
292 2002 436 2068 videbat?
462 2003 576 2066 fienim
591 2017 654 2066 tam
678 2002 834 2067 familiaris
848 2019 913 2069 erat
926 2005 1073 2084 mulieris,
1096 2015 1188 2091 qulm

84 2109 132 2152 ros
145 2092 263 2168 vultis,
302 2090 374 2155 istos
403 2112 527 2175 quoque
542 2087 641 2154 servos
654 2089 819 2154 familiares
838 2092 895 2155 effe
910 2093 1041 2159 dominae
1058 2093 1188 2169 sciebati

84 2175 125 2240 lin
146 2179 174 2242 ei
197 2191 285 2242 tanta
309 2176 509 2256 consuetudo,
546 2176 689 2264 quantal
714 2178 800 2244 vobis
822 2181 988 2258 inducitur,
1021 2203 1083 2245 non
1114 2197 1188 2261 erat,

84 2287 146 2348 quae
168 2289 241 2331 cum
280 2265 371 2330 servis
393 2267 494 2352 potuit
515 2265 702 2331 familiaritas
728 2266 786 2331 else
811 2265 922 2331 tanta?
955 2267 1052 2352 Iplius
1081 2267 1232 2338 autemsll

84 2355 184 2418 veneni
206 2375 283 2441 quae
305 2355 381 2418 ratio
404 2353 553 2442 fingitur?
576 2353 629 2419 ubi
655 2353 814 2441 quaelitum
837 2354 904 2420 est?
927 2357 1189 2440 quemadmodum

82 2444 236 2525 paratum?
265 2438 456 2528 quo'padlo?
479 2444 542 2521 cui,
563 2464 626 2527 quo
641 2444 672 2507 in
694 2443 726 2505 in
748 2445 817 2507 loco
838 2444 1009 2509 traditum?
1042 2445 1188 2509 Habuiffe
1238 2477 1242 2482 ·

84 2528 161 2593 aiunt
189 2532 291 2608 domi,
327 2531 453 2617 vimque
481 2531 548 2617 ejus
570 2530 628 2594 effe
651 2544 811 2615 expertum
833 2530 865 2593 in
887 2530 971 2595 servo
994 2534 1128 2616 quodam
1149 2534 1189 2597 ad

83 2636 144 2681 rem
153 2618 244 2706 ipsam
263 2632 383 2705 parato,
399 2620 521 2705 'cujusb
538 2618 683 2703 perceleri
692 2618 817 2681 interitu
836 2617 895 2680 effe
916 2616 1024 2681 abhoc
1047 2638 1189 2705 compro·

79 2702 177 2770 batum
191 2728 361 2772 venenum.
404 2706 466 2768 Pro
481 2704 523 2769 dii
544 2704 751 2769 immortales!
771 2724 828 2769 cur
853 2706 1009 2769 interdum
1032 2705 1065 2769 in
1086 2708 1231 2789 homi-35

83 2812 152 2857 num
176 2794 344 2879 sceleribus
370 2792 521 2871 maximis,
543 2806 596 2856 aut
616 2789 794 2870 connivetis,
815 2805 869 2857 aut
889 2792 1045 2879 praesentis
1072 2792 1188 2881 fraudis

84 2900 184 2962 poenas
199 2884 231 2947 in
254 2882 340 2947 diem
352 2880 533 2945 reservatis?
556 2881 632 2944 Vidi
646 2882 742 2958 enirn,
760 2878 836 2958 vidi,
858 2884 891 2945 dt
915 2880 1001 2945 illurn
1026 2881 1109 2948 htuli
1132 2885 1188 2948 do·

84 2967 172 3032 iorem
196 2973 247 3037 vel
267 2968 489 3035 acerbillrmum
513 2970 544 3032 in
569 2967 644 3045 vita,
666 2968 740 3033 crim
758 2968 810 3055 Q.
834 2968 981 3034 Metellus
1002 2968 1187 3037 abstrahere·
1294 2984 1297 2987 ’

81 3068 129 3118 tur
146 3066 172 3124 ὲΔ
188 3058 258 3124 linu
282 3058 463 3144 gremioque
487 3058 611 3142 patriae:
643 3056 779 3141 olimque
801 3056 852 3121 ille
869 3056 929 3135 cir,
951 3058 1005 3142 qui
1027 3059 1057 3123 se
1078 3075 1186 3124 natum

82 3139 148 3208 huic
173 3148 308 3233 irnperio
337 3147 465 3231 putavit,
487 3145 579 3209 tertio
593 3145 642 3209 die
666 3144 745 3231 poll,
770 3152 862 3230 quam
892 3145 924 3209 in
953 3147 1047 3224 curil,
1068 3146 1230 3225 rosinolo

79 3228 109 3292 in
130 3234 237 3319 repub.
265 3233 419 3312 floruiffet
433 3232 636 3319 :integerrimi
651 3247 754 3309 aetate,
778 3251 793 3284 ο
814 3233 933 3319 optimo
950 3232 1067 3310 habitu,
1089 3234 1187 3297 maxi·

77 3318 280 3401 mistiribus,
303 3324 469 3406 eriperetur
494 3320 693 3406 indigniffiml:
712 3319 1187 3409 bonisomnibusatqueuniret-

75 3402 270 3493 iocinoris,
293 3430 357 3495 quo
371 3409 496 3495 quidem
516 3424 652 3500 tempore
667 3408 719 3475 ille
727 3408 877 3485 moriens,
899 3408 969 3471 cum
983 3408 1050 3494 jam
1066 3410 1185 3477 caetetis

298 3562 531 3651 bmnesubitd.
735 3560 1009 3650 cqltinmstrnitute.

109 3724 146 3771 ll.
164 3722 211 3771 Cui
221 3722 318 3786 denique
332 3718 462 3779 commisii]
479 3720 558 3771 Affert
566 3721 637 3771 Circ-
667 3721 1116 3785 exclamationebpmposiludkm
1126 3726 1230 3791 incloq

73 3797 101 3831 ro
116 3802 201 3837 omnes
222 3788 426 3843 circumambiens,
449 3786 534 3847 quibus
552 3786 639 3847 probel.
669 3786 735 3835 dium
752 3787 881 3844 invehitur,
912 3789 1143 3839 waudestseneni
1153 3793 1229 3840 Coeli-

78 3850 179 3901 conum
198 3852 389 3901 venerricrlmeo
406 3864 454 3899 non
472 3844 639 3909 admisisse;i
668 3864 712 3897 um
727 3850 881 3909 iosiumlmc,
952 3852 1139 3915 incedentia
1152 3856 1230 3919 nupi-

71 3918 178 3971 persunis
188 3916 326 3975 exorditum
349 3931 378 3963 ac
397 3919 423 3963 1⁰
435 3919 448 3963 l
458 3916 531 3963 servis
542 3914 628 3965 clodia
670 3914 765 3963 cionem
781 3931 874 3965 veneno
883 3918 998 3966 meritum
1008 3920 1141 3967 sustulisse:
1161 3920 1228 3978 enjus

76 3978 159 4036 quibua
171 3983 326 4031 committere
342 3986 394 4028 tuto
405 3978 463 4028 illud
479 3978 572 4027 lacinus
590 3992 636 4027 uon
669 3978 720 4041 ipse
731 3982 811 4029 laudas
819 3982 879 4030 mire
886 3983 1042 4045 prosequitur.

78 4044 162 4103 Doluit,
175 4046 236 4107 quia
254 4046 350 4093 liberius
361 4045 385 4094 in
400 4044 440 4094 int
449 4045 520 4093 dorm
530 4044 637 4105 plcntli·
701 4046 742 4093 38.
755 4044 1227 4107 Metellusalsoanemnr.]PropterMe-

74 4102 294 4157 bidinuvneban't.
669 4112 753 4158 tellum
761 4111 881 4160 sublatum
888 4113 999 4160 abunere
1008 4108 1230 4170 mouumentum

108 4174 148 4221 31.
158 4171 389 4235 UbiqrraesitumcM
396 4172 637 4224 recondentium
669 4180 706 4221 est
725 4176 920 4235 clytemnestra,
937 4181 966 4223 ut
980 4177 1015 4223 uit
1033 4174 1118 4222 Fabius
1136 4170 1178 4220 lib.
1202 4176 1225 4223 Β.

77 4246 122 4280 nour
134 4248 233 4294 paramo
249 4252 365 4287 cenenum
374 4244 388 4286 l
397 4237 582 4287 circumstantiis
591 4238 638 4285 loci
670 4252 726 4299 cap.
733 4241 757 4287 6.
768 4240 832 4301 qudd
840 4242 916 4288 utillo
926 4240 989 4287 ferro
997 4239 1150 4285 cimmerium
1161 4238 1228 4298 Aga·

73 4294 100 4345 a
108 4300 262 4351 auxiliorum.
670 4316 833 4363 memnonem,
843 4304 878 4353 sic
890 4304 936 4351 ism
946 4304 1073 4351 Metellum
1083 4312 1176 4352 vem
1189 4302 1229 4353 in·

107 4364 149 4413 ³⁵.
168 4364 221 4416 Prd
241 4366 273 4415 dii
293 4363 450 4427 immortales]
493 4366 638 4417 vehementi
668 4368 800 4418 inmerserit.
