<?xml version="1.0" encoding="UTF-8"?>
<!DOCTYPE html PUBLIC "-//W3C//DTD XHTML 1.0 Transitional//EN"
    "http://www.w3.org/TR/xhtml1/DTD/xhtml1-transitional.dtd">
<html xmlns="http://www.w3.org/1999/xhtml" xml:lang="en" lang="en">
 <head>
  <title>
</title>
<meta http-equiv="Content-Type" content="text/html;charset=utf-8" />
  <meta name='ocr-system' content='tesseract 3.04.00' />
  <meta name='ocr-capabilities' content='ocr_page ocr_carea ocr_par ocr_line ocrx_word'/>
</head>
<body>
  <div class='ocr_page' id='page_1' title='image "./orationesquaeda00mrgoog/orationesquaeda00mrgoog_0183.png"; bbox 0 0 2825 4775; ppageno 0'>
   <div class='ocr_carea' id='block_1_1' title="bbox 347 259 1264 388">
    <p class='ocr_par' dir='ltr' id='par_1_1' title="bbox 347 259 1264 388">
     <span class='ocr_line' id='line_1_1' title="bbox 347 259 1264 388; baseline 0.01 -35"><span class='ocrx_word' id='word_1_1' title='bbox 347 259 520 353; x_wconf 77' lang='lat' dir='ltr'><strong>ouamo</strong></span> <span class='ocrx_word' id='word_1_2' title='bbox 540 271 599 356; x_wconf 80' lang='lat' dir='ltr'><strong>m.</strong></span> <span class='ocrx_word' id='word_1_3' title='bbox 620 279 677 350; x_wconf 87' lang='lat' dir='ltr'><strong>m·</strong></span> <span class='ocrx_word' id='word_1_4' title='bbox 692 382 696 388; x_wconf 13' lang='grc' dir='ltr'>ι</span> <span class='ocrx_word' id='word_1_5' title='bbox 714 283 751 351; x_wconf 80' lang='lat' dir='ltr'><strong>n.</strong></span> <span class='ocrx_word' id='word_1_6' title='bbox 771 285 1036 370; x_wconf 73' lang='lat' dir='ltr'><strong>tammam.</strong></span> <span class='ocrx_word' id='word_1_7' title='bbox 1078 339 1080 344; x_wconf 90' lang='lat'><em>.</em></span> <span class='ocrx_word' id='word_1_8' title='bbox 1201 303 1264 366; x_wconf 78' lang='lat' dir='ltr'><strong>rao</strong></span> 
     </span>
    </p>
   </div>
   <div class='ocr_carea' id='block_1_2' title="bbox 12 405 1312 3407">
    <p class='ocr_par' dir='ltr' id='par_1_2' title="bbox 12 405 1312 3407">
     <span class='ocr_line' id='line_1_2' title="bbox 116 405 1221 507; baseline 0.009 -26"><span class='ocrx_word' id='word_1_9' title='bbox 116 418 156 481; x_wconf 84' lang='lat' dir='ltr'><strong>tis</strong></span> <span class='ocrx_word' id='word_1_10' title='bbox 169 405 327 482; x_wconf 85' lang='lat' dir='ltr'><strong>consulem</strong></span> <span class='ocrx_word' id='word_1_11' title='bbox 351 440 389 481; x_wconf 87' lang='lat' dir='ltr'><strong>er</strong></span> <span class='ocrx_word' id='word_1_12' title='bbox 405 406 706 503; x_wconf 58' lang='lat' dir='ltr'><strong>plurlmisspericulia</strong></span> <span class='ocrx_word' id='word_1_13' title='bbox 732 421 762 483; x_wconf 83' lang='grc' dir='ltr'><strong>8ι</strong></span> <span class='ocrx_word' id='word_1_14' title='bbox 788 419 911 499; x_wconf 83' lang='lat' dir='ltr'><strong>infidiia,</strong></span> <span class='ocrx_word' id='word_1_15' title='bbox 940 435 1032 507; x_wconf 89' lang='lat' dir='ltr'><strong>atque</strong></span> <span class='ocrx_word' id='word_1_16' title='bbox 1057 443 1095 486; x_wconf 83' lang='lat' dir='ltr'><strong>ex</strong></span> <span class='ocrx_word' id='word_1_17' title='bbox 1121 425 1221 492; x_wconf 69' lang='lat' dir='ltr'><strong>medis</strong></span> 
     </span>
     <span class='ocr_line' id='line_1_3' title="bbox 113 507 1279 583; baseline 0.008 -15"><span class='ocrx_word' id='word_1_18' title='bbox 113 519 224 583; x_wconf 89' lang='lat' dir='ltr'><strong>morte,</strong></span> <span class='ocrx_word' id='word_1_19' title='bbox 236 525 253 556; x_wconf 69' lang='grc' dir='ltr'><strong>ο</strong></span> <span class='ocrx_word' id='word_1_20' title='bbox 271 509 382 569; x_wconf 88' lang='lat' dir='ltr'><strong>nonad</strong></span> <span class='ocrx_word' id='word_1_21' title='bbox 396 507 487 568; x_wconf 84' lang='lat' dir='ltr'><strong>vitam</strong></span> <span class='ocrx_word' id='word_1_22' title='bbox 507 507 604 582; x_wconf 80' lang='lat' dir='ltr'><strong>saram,</strong></span> <span class='ocrx_word' id='word_1_23' title='bbox 629 507 681 569; x_wconf 83' lang='lat' dir='ltr'><strong>sed</strong></span> <span class='ocrx_word' id='word_1_24' title='bbox 689 507 865 572; x_wconf 84' lang='lat' dir='ltr'><strong>adsalutem</strong></span> <span class='ocrx_word' id='word_1_25' title='bbox 882 509 1010 573; x_wconf 85' lang='lat' dir='ltr'><strong>vestram</strong></span> <span class='ocrx_word' id='word_1_26' title='bbox 1021 510 1219 578; x_wconf 79' lang='lat' dir='ltr'><strong>reservatum:</strong></span> <span class='ocrx_word' id='word_1_27' title='bbox 1273 533 1279 546; x_wconf 92' lang='grc'><strong><em>·</em></strong></span> 
     </span>
     <span class='ocr_line' id='line_1_4' title="bbox 110 589 1279 679; baseline 0.011 -23"><span class='ocrx_word' id='word_1_28' title='bbox 110 613 220 656; x_wconf 86' lang='lat' dir='ltr'><strong>omnea</strong></span> <span class='ocrx_word' id='word_1_29' title='bbox 236 595 355 657; x_wconf 77' lang='lat' dir='ltr'>ordines</span> <span class='ocrx_word' id='word_1_30' title='bbox 373 595 412 656; x_wconf 76' lang='lat' dir='ltr'><strong>³ad</strong></span> <span class='ocrx_word' id='word_1_31' title='bbox 423 595 658 657; x_wconf 77' lang='lat' dir='ltr'><strong>conservandam</strong></span> <span class='ocrx_word' id='word_1_32' title='bbox 677 597 819 679; x_wconf 86' lang='lat' dir='ltr'><strong>rempub.</strong></span> <span class='ocrx_word' id='word_1_33' title='bbox 838 611 952 676; x_wconf 86' lang='lat' dir='ltr'><strong>mente,</strong></span> <span class='ocrx_word' id='word_1_34' title='bbox 967 600 1133 677; x_wconf 85' lang='lat' dir='ltr'><strong>voluntate,</strong></span> <span class='ocrx_word' id='word_1_35' title='bbox 1155 589 1217 664; x_wconf 84' lang='lat' dir='ltr'><strong>llu-</strong></span> <span class='ocrx_word' id='word_1_36' title='bbox 1240 610 1261 669; x_wconf 83' lang='lat'><em>5</em></span> <span class='ocrx_word' id='word_1_37' title='bbox 1276 605 1279 614; x_wconf 84' lang='lat'>&#39;</span> 
     </span>
     <span class='ocr_line' id='line_1_5' title="bbox 109 682 1229 774; baseline 0.01 -31"><span class='ocrx_word' id='word_1_38' title='bbox 109 682 174 758; x_wconf 88' lang='lat' dir='ltr'><strong>dio,</strong></span> <span class='ocrx_word' id='word_1_39' title='bbox 202 682 322 758; x_wconf 79' lang='lat' dir='ltr'><strong>virtute,</strong></span> <span class='ocrx_word' id='word_1_40' title='bbox 348 701 421 767; x_wconf 64' lang='lat' dir='ltr'><strong>poce</strong></span> <span class='ocrx_word' id='word_1_41' title='bbox 444 682 650 746; x_wconf 83' lang='lat' dir='ltr'><strong>consentiunt:</strong></span> <span class='ocrx_word' id='word_1_42' title='bbox 687 683 799 746; x_wconf 76' lang='lat' dir='ltr'><strong>obsessa</strong></span> <span class='ocrx_word' id='word_1_43' title='bbox 820 685 942 750; x_wconf 75' lang='lat' dir='ltr'>facibus</span> <span class='ocrx_word' id='word_1_44' title='bbox 967 690 996 749; x_wconf 72' lang='grc' dir='ltr'><strong>δι</strong></span> <span class='ocrx_word' id='word_1_45' title='bbox 1019 688 1088 750; x_wconf 85' lang='lat' dir='ltr'><strong>telis</strong></span> <span class='ocrx_word' id='word_1_46' title='bbox 1111 685 1229 774; x_wconf 68' lang='lat' dir='ltr'><strong>implae&#39;</strong></span> 
     </span>
     <span class='ocr_line' id='line_1_6' title="bbox 109 769 1217 857; baseline 0.006 -24"><span class='ocrx_word' id='word_1_47' title='bbox 109 770 339 855; x_wconf 75' lang='lat' dir='ltr'><strong>conjurationis,</strong></span> <span class='ocrx_word' id='word_1_48' title='bbox 362 769 447 833; x_wconf 79' lang='lat' dir='ltr'><strong>vobio</strong></span> <span class='ocrx_word' id='word_1_49' title='bbox 471 770 632 855; x_wconf 77' lang='lat' dir='ltr'><strong>suppleteb</strong></span> <span class='ocrx_word' id='word_1_50' title='bbox 657 791 765 835; x_wconf 87' lang='lat' dir='ltr'><strong>manus</strong></span> <span class='ocrx_word' id='word_1_51' title='bbox 787 773 885 836; x_wconf 86' lang='lat' dir='ltr'><strong>tendit</strong></span> <span class='ocrx_word' id='word_1_52' title='bbox 909 774 1005 857; x_wconf 88' lang='lat' dir='ltr'><strong>patria</strong></span> <span class='ocrx_word' id='word_1_53' title='bbox 1029 778 1217 841; x_wconf 82' lang='lat' dir='ltr'><strong>communia:</strong></span> 
     </span>
     <span class='ocr_line' id='line_1_7' title="bbox 94 855 1218 948; baseline 0.007 -28"><span class='ocrx_word' id='word_1_54' title='bbox 94 856 197 920; x_wconf 82' lang='lat' dir='ltr'><strong>&#39;vobit</strong></span> <span class='ocrx_word' id='word_1_55' title='bbox 210 855 251 933; x_wconf 88' lang='lat' dir='ltr'><strong>se,</strong></span> <span class='ocrx_word' id='word_1_56' title='bbox 266 857 351 920; x_wconf 77' lang='lat' dir='ltr'><strong>vobis</strong></span> <span class='ocrx_word' id='word_1_57' title='bbox 363 859 457 920; x_wconf 78' lang='lat' dir='ltr'><strong>vitam</strong></span> <span class='ocrx_word' id='word_1_58' title='bbox 471 860 610 921; x_wconf 89' lang='lat' dir='ltr'><strong>omnium</strong></span> <span class='ocrx_word' id='word_1_59' title='bbox 625 857 749 935; x_wconf 79' lang='lat' dir='ltr'><strong>civium,</strong></span> <span class='ocrx_word' id='word_1_60' title='bbox 763 859 877 925; x_wconf 74' lang='lat' dir='ltr'><strong>vobisc</strong></span> <span class='ocrx_word' id='word_1_61' title='bbox 895 881 1007 938; x_wconf 91' lang='lat' dir='ltr'><strong>arcem,</strong></span> <span class='ocrx_word' id='word_1_62' title='bbox 1025 867 1054 925; x_wconf 73' lang='lat' dir='ltr'><strong>St</strong></span> <span class='ocrx_word' id='word_1_63' title='bbox 1071 863 1218 948; x_wconf 56' lang='lat' dir='ltr'><strong>Capitolia</strong></span> 
     </span>
     <span class='ocr_line' id='line_1_8' title="bbox 107 940 1217 1033; baseline 0.009 -27"><span class='ocrx_word' id='word_1_64' title='bbox 107 965 174 1022; x_wconf 92' lang='lat' dir='ltr'><strong>um,</strong></span> <span class='ocrx_word' id='word_1_65' title='bbox 183 940 268 1020; x_wconf 79' lang='lat' dir='ltr'><strong>vobis</strong></span> <span class='ocrx_word' id='word_1_66' title='bbox 282 967 346 1009; x_wconf 83' lang='lat' dir='ltr'><strong>aras</strong></span> <span class='ocrx_word' id='word_1_67' title='bbox 359 943 533 1029; x_wconf 79' lang='lat' dir='ltr'><strong>Penatium,</strong></span> <span class='ocrx_word' id='word_1_68' title='bbox 547 946 633 1010; x_wconf 75' lang='lat' dir='ltr'><strong>vobio</strong></span> <span class='ocrx_word' id='word_1_69' title='bbox 646 945 851 1031; x_wconf 84' lang='lat' dir='ltr'><strong>illum&#39;ignem</strong></span> <span class='ocrx_word' id='word_1_70' title='bbox 865 947 969 1011; x_wconf 85' lang='lat' dir='ltr'><strong>Vestae</strong></span> <span class='ocrx_word' id='word_1_71' title='bbox 984 963 1165 1033; x_wconf 88' lang='lat' dir='ltr'><strong>perpetuum</strong></span> <span class='ocrx_word' id='word_1_72' title='bbox 1181 941 1217 1016; x_wconf 68' lang='lat' dir='ltr'><strong>ao</strong></span> 
     </span>
     <span class='ocr_line' id='line_1_9' title="bbox 106 1033 1260 1118; baseline 0.008 -22"><span class='ocrx_word' id='word_1_73' title='bbox 106 1033 335 1118; x_wconf 88' lang='lat' dir='ltr'><strong>sempiternum,</strong></span> <span class='ocrx_word' id='word_1_74' title='bbox 359 1033 446 1097; x_wconf 81' lang='lat' dir='ltr'><strong>vobio</strong></span> <span class='ocrx_word' id='word_1_75' title='bbox 460 1035 563 1097; x_wconf 89' lang='lat' dir='ltr'><strong>omnia</strong></span> <span class='ocrx_word' id='word_1_76' title='bbox 573 1034 706 1097; x_wconf 82' lang='lat' dir='ltr'><strong>deorum</strong></span> <span class='ocrx_word' id='word_1_77' title='bbox 721 1037 834 1118; x_wconf 90' lang='lat' dir='ltr'><strong>templa</strong></span> <span class='ocrx_word' id='word_1_78' title='bbox 857 1049 948 1118; x_wconf 85' lang='lat' dir='ltr'><strong>atque</strong></span> <span class='ocrx_word' id='word_1_79' title='bbox 966 1037 1101 1114; x_wconf 87' lang='lat' dir='ltr'><strong>delubra,</strong></span> <span class='ocrx_word' id='word_1_80' title='bbox 1126 1040 1260 1105; x_wconf 76' lang='lat' dir='ltr'><strong>uoblalo</strong></span> 
     </span>
     <span class='ocr_line' id='line_1_10' title="bbox 104 1121 1212 1204; baseline 0.007 -21"><span class='ocrx_word' id='word_1_81' title='bbox 104 1140 210 1184; x_wconf 86' lang='lat' dir='ltr'><strong>muros</strong></span> <span class='ocrx_word' id='word_1_82' title='bbox 220 1136 311 1204; x_wconf 90' lang='lat' dir='ltr'><strong>atque</strong></span> <span class='ocrx_word' id='word_1_83' title='bbox 326 1121 410 1186; x_wconf 86' lang='lat' dir='ltr'><strong>urbia</strong></span> <span class='ocrx_word' id='word_1_84' title='bbox 422 1135 503 1186; x_wconf 84' lang='lat' dir='ltr'><strong>tecta</strong></span> <span class='ocrx_word' id='word_1_85' title='bbox 518 1122 721 1184; x_wconf 82' lang='lat' dir='ltr'><strong>commendat.</strong></span> <span class='ocrx_word' id='word_1_86' title='bbox 766 1122 916 1186; x_wconf 81' lang='lat' dir='ltr'><strong>Praeterea</strong></span> <span class='ocrx_word' id='word_1_87' title='bbox 931 1123 969 1184; x_wconf 86' lang='lat' dir='ltr'><strong>de</strong></span> <span class='ocrx_word' id='word_1_88' title='bbox 975 1124 1076 1186; x_wconf 70' lang='lat' dir='ltr'><strong>&#39;uestra</strong></span> <span class='ocrx_word' id='word_1_89' title='bbox 1089 1123 1161 1202; x_wconf 72' lang='lat' dir='ltr'><strong>vita,</strong></span> <span class='ocrx_word' id='word_1_90' title='bbox 1173 1129 1212 1191; x_wconf 82' lang='lat' dir='ltr'><strong>de</strong></span> 
     </span>
     <span class='ocr_line' id='line_1_11' title="bbox 105 1209 1216 1296; baseline 0.005 -24"><span class='ocrx_word' id='word_1_91' title='bbox 105 1210 274 1296; x_wconf 88' lang='lat' dir='ltr'><strong>conjugum</strong></span> <span class='ocrx_word' id='word_1_92' title='bbox 289 1209 454 1295; x_wconf 83' lang='lat' dir='ltr'><strong>vestrarum</strong></span> <span class='ocrx_word' id='word_1_93' title='bbox 469 1233 504 1273; x_wconf 90' lang='lat' dir='ltr'><strong>ac</strong></span> <span class='ocrx_word' id='word_1_94' title='bbox 518 1209 683 1272; x_wconf 88' lang='lat' dir='ltr'><strong>liberorum</strong></span> <span class='ocrx_word' id='word_1_95' title='bbox 697 1209 808 1284; x_wconf 71' lang='lat' dir='ltr'><strong>anima,</strong></span> <span class='ocrx_word' id='word_1_96' title='bbox 820 1210 858 1272; x_wconf 86' lang='lat' dir='ltr'><strong>de</strong></span> <span class='ocrx_word' id='word_1_97' title='bbox 869 1209 1000 1274; x_wconf 83' lang='lat' dir='ltr'><strong>fortunis</strong></span> <span class='ocrx_word' id='word_1_98' title='bbox 1014 1212 1165 1288; x_wconf 88' lang='lat' dir='ltr'><strong>omnium,</strong></span> <span class='ocrx_word' id='word_1_99' title='bbox 1176 1216 1216 1278; x_wconf 90' lang='lat' dir='ltr'><strong>de</strong></span> 
     </span>
     <span class='ocr_line' id='line_1_12' title="bbox 104 1295 1217 1382; baseline 0.004 -23"><span class='ocrx_word' id='word_1_100' title='bbox 104 1297 236 1374; x_wconf 73' lang='lat' dir='ltr'><strong>sedibus,</strong></span> <span class='ocrx_word' id='word_1_101' title='bbox 251 1298 290 1362; x_wconf 92' lang='lat' dir='ltr'><strong>de</strong></span> <span class='ocrx_word' id='word_1_102' title='bbox 302 1297 378 1361; x_wconf 81' lang='lat' dir='ltr'><strong>socie</strong></span> <span class='ocrx_word' id='word_1_103' title='bbox 387 1297 495 1360; x_wconf 75' lang='lat' dir='ltr'><strong>vestris</strong></span> <span class='ocrx_word' id='word_1_104' title='bbox 504 1295 652 1360; x_wconf 87' lang='lat' dir='ltr'><strong>hodierno</strong></span> <span class='ocrx_word' id='word_1_105' title='bbox 661 1295 711 1358; x_wconf 86' lang='lat' dir='ltr'><strong>die</strong></span> <span class='ocrx_word' id='word_1_106' title='bbox 726 1297 811 1360; x_wconf 80' lang='lat' dir='ltr'><strong>vobit</strong></span> <span class='ocrx_word' id='word_1_107' title='bbox 833 1297 1034 1382; x_wconf 86' lang='lat' dir='ltr'><strong>judicandum</strong></span> <span class='ocrx_word' id='word_1_108' title='bbox 1049 1299 1103 1362; x_wconf 86' lang='lat' dir='ltr'><strong>est.</strong></span> <span class='ocrx_word' id='word_1_109' title='bbox 1148 1301 1217 1363; x_wconf 86' lang='lat' dir='ltr'><strong>Ha-</strong></span> 
     </span>
     <span class='ocr_line' id='line_1_13' title="bbox 104 1381 1292 1472; baseline 0.002 -23"><span class='ocrx_word' id='word_1_110' title='bbox 104 1383 181 1449; x_wconf 80' lang='lat' dir='ltr'>betis</span> <span class='ocrx_word' id='word_1_111' title='bbox 201 1387 313 1449; x_wconf 87' lang='lat' dir='ltr'><strong>ducem</strong></span> <span class='ocrx_word' id='word_1_112' title='bbox 328 1402 498 1448; x_wconf 84' lang='lat' dir='ltr'><strong>memorem</strong></span> <span class='ocrx_word' id='word_1_113' title='bbox 512 1383 612 1460; x_wconf 84' lang='lat' dir='ltr'><strong>vestri,</strong></span> <span class='ocrx_word' id='word_1_114' title='bbox 636 1381 765 1447; x_wconf 90' lang='lat' dir='ltr'><strong>oblitum</strong></span> <span class='ocrx_word' id='word_1_115' title='bbox 779 1383 842 1460; x_wconf 67' lang='lat' dir='ltr'><strong>suia</strong></span> <span class='ocrx_word' id='word_1_116' title='bbox 869 1407 938 1469; x_wconf 88' lang='lat' dir='ltr'><strong>quae</strong></span> <span class='ocrx_word' id='word_1_117' title='bbox 956 1407 1019 1450; x_wconf 88' lang='lat' dir='ltr'><strong>non</strong></span> <span class='ocrx_word' id='word_1_118' title='bbox 1035 1387 1152 1472; x_wconf 87' lang='lat' dir='ltr'><strong>semper</strong></span> <span class='ocrx_word' id='word_1_119' title='bbox 1170 1389 1216 1451; x_wconf 88' lang='lat' dir='ltr'><strong>sa·</strong></span> <span class='ocrx_word' id='word_1_120' title='bbox 1290 1421 1292 1426; x_wconf 36' lang='lat' dir='ltr'>v</span> 
     </span>
     <span class='ocr_line' id='line_1_14' title="bbox 102 1472 1256 1550; baseline 0.003 -14"><span class='ocrx_word' id='word_1_121' title='bbox 102 1475 200 1538; x_wconf 80' lang='lat' dir='ltr'><strong>cultas</strong></span> <span class='ocrx_word' id='word_1_122' title='bbox 214 1474 317 1538; x_wconf 86' lang='lat' dir='ltr'><strong>datur:</strong></span> <span class='ocrx_word' id='word_1_123' title='bbox 333 1472 453 1536; x_wconf 82' lang='lat' dir='ltr'><strong>habetis</strong></span> <span class='ocrx_word' id='word_1_124' title='bbox 465 1493 572 1535; x_wconf 81' lang='lat' dir='ltr'><strong>omnes</strong></span> <span class='ocrx_word' id='word_1_125' title='bbox 589 1472 720 1548; x_wconf 78' lang='lat' dir='ltr'><strong>ordiner,</strong></span> <span class='ocrx_word' id='word_1_126' title='bbox 735 1493 842 1536; x_wconf 83' lang='lat' dir='ltr'><strong>omnes</strong></span> <span class='ocrx_word' id='word_1_127' title='bbox 861 1472 1012 1550; x_wconf 79' lang='lat' dir='ltr'><strong>homines,</strong></span> <span class='ocrx_word' id='word_1_128' title='bbox 1035 1475 1256 1540; x_wconf 86' lang='lat' dir='ltr'><strong>universum15</strong></span> 
     </span>
     <span class='ocr_line' id='line_1_15' title="bbox 103 1559 1215 1647; baseline 0.005 -23"><span class='ocrx_word' id='word_1_129' title='bbox 103 1562 253 1647; x_wconf 86' lang='lat' dir='ltr'><strong>populum</strong></span> <span class='ocrx_word' id='word_1_130' title='bbox 268 1562 448 1625; x_wconf 88' lang='lat' dir='ltr'><strong>Romanum</strong></span> <span class='ocrx_word' id='word_1_131' title='bbox 459 1560 504 1645; x_wconf 80' lang='lat' dir='ltr'><strong>(id</strong></span> <span class='ocrx_word' id='word_1_132' title='bbox 519 1561 601 1642; x_wconf 89' lang='lat' dir='ltr'><strong>quod</strong></span> <span class='ocrx_word' id='word_1_133' title='bbox 615 1562 648 1622; x_wconf 90' lang='lat' dir='ltr'><strong>in</strong></span> <span class='ocrx_word' id='word_1_134' title='bbox 660 1560 741 1623; x_wconf 85' lang='lat' dir='ltr'><strong>civili</strong></span> <span class='ocrx_word' id='word_1_135' title='bbox 751 1559 839 1624; x_wconf 77' lang='lat' dir='ltr'><strong>causei</strong></span> <span class='ocrx_word' id='word_1_136' title='bbox 853 1559 1001 1624; x_wconf 87' lang='lat' dir='ltr'><strong>hodierno</strong></span> <span class='ocrx_word' id='word_1_137' title='bbox 1017 1563 1066 1625; x_wconf 88' lang='lat' dir='ltr'><strong>die</strong></span> <span class='ocrx_word' id='word_1_138' title='bbox 1081 1565 1215 1646; x_wconf 77' lang='lat' dir='ltr'><strong>primum</strong></span> 
     </span>
     <span class='ocr_line' id='line_1_16' title="bbox 103 1647 1215 1735; baseline 0.003 -23"><span class='ocrx_word' id='word_1_139' title='bbox 103 1649 257 1735; x_wconf 80' lang='lat' dir='ltr'><strong>videmus)</strong></span> <span class='ocrx_word' id='word_1_140' title='bbox 272 1669 370 1712; x_wconf 90' lang='lat' dir='ltr'><strong>uuum</strong></span> <span class='ocrx_word' id='word_1_141' title='bbox 384 1661 477 1733; x_wconf 85' lang='lat' dir='ltr'><strong>atque</strong></span> <span class='ocrx_word' id='word_1_142' title='bbox 489 1648 572 1711; x_wconf 90' lang='lat' dir='ltr'><strong>idem</strong></span> <span class='ocrx_word' id='word_1_143' title='bbox 586 1647 775 1712; x_wconf 82' lang='lat' dir='ltr'><strong>sentientem.</strong></span> <span class='ocrx_word' id='word_1_144' title='bbox 822 1648 962 1734; x_wconf 82' lang='lat' dir='ltr'><strong>Cogitate</strong></span> <span class='ocrx_word' id='word_1_145' title='bbox 973 1651 1095 1734; x_wconf 79' lang='lat' dir='ltr'><strong>quantia</strong></span> <span class='ocrx_word' id='word_1_146' title='bbox 1104 1651 1215 1715; x_wconf 90' lang='lat' dir='ltr'><strong>labori-</strong></span> 
     </span>
     <span class='ocr_line' id='line_1_17' title="bbox 102 1735 1214 1822; baseline 0.002 -22"><span class='ocrx_word' id='word_1_147' title='bbox 102 1735 160 1801; x_wconf 84' lang='lat' dir='ltr'><strong>bus</strong></span> <span class='ocrx_word' id='word_1_148' title='bbox 184 1738 351 1800; x_wconf 80' lang='lat' dir='ltr'><strong>fundatum</strong></span> <span class='ocrx_word' id='word_1_149' title='bbox 379 1736 553 1822; x_wconf 88' lang='lat' dir='ltr'><strong>imperium,</strong></span> <span class='ocrx_word' id='word_1_150' title='bbox 579 1743 691 1820; x_wconf 73' lang='lat' dir='ltr'><strong>quanta</strong></span> <span class='ocrx_word' id='word_1_151' title='bbox 715 1735 826 1799; x_wconf 86' lang='lat' dir='ltr'><strong>virtute</strong></span> <span class='ocrx_word' id='word_1_152' title='bbox 852 1736 1014 1800; x_wconf 84' lang='lat' dir='ltr'><strong>stabilitam</strong></span> <span class='ocrx_word' id='word_1_153' title='bbox 1032 1737 1214 1816; x_wconf 88' lang='lat' dir='ltr'><strong>libertatem,</strong></span> 
     </span>
     <span class='ocr_line' id='line_1_18' title="bbox 104 1823 1214 1910; baseline 0.002 -22"><span class='ocrx_word' id='word_1_154' title='bbox 104 1824 217 1909; x_wconf 66' lang='lat' dir='ltr'><strong>quanta</strong></span> <span class='ocrx_word' id='word_1_155' title='bbox 235 1824 364 1888; x_wconf 84' lang='lat' dir='ltr'><strong>deomm</strong></span> <span class='ocrx_word' id='word_1_156' title='bbox 386 1823 571 1910; x_wconf 82' lang='lat' dir='ltr'><strong>benignitate</strong></span> <span class='ocrx_word' id='word_1_157' title='bbox 592 1823 698 1888; x_wconf 67' lang='lat' dir='ltr'><strong>austae</strong></span> <span class='ocrx_word' id='word_1_158' title='bbox 715 1825 967 1909; x_wconf 70' lang='lat' dir='ltr'><strong>exaggeratasque</strong></span> <span class='ocrx_word' id='word_1_159' title='bbox 990 1826 1128 1888; x_wconf 83' lang='lat' dir='ltr'><strong>fortunae</strong></span> <span class='ocrx_word' id='word_1_160' title='bbox 1152 1849 1214 1890; x_wconf 85' lang='lat' dir='ltr'><strong>una</strong></span> 
     </span>
     <span class='ocr_line' id='line_1_19' title="bbox 102 1910 1259 1998; baseline 0.001 -21"><span class='ocrx_word' id='word_1_161' title='bbox 102 1935 164 1977; x_wconf 85' lang='lat' dir='ltr'><strong>nox</strong></span> <span class='ocrx_word' id='word_1_162' title='bbox 178 1929 259 1998; x_wconf 88' lang='lat' dir='ltr'><strong>pene</strong></span> <span class='ocrx_word' id='word_1_163' title='bbox 272 1913 390 1977; x_wconf 85' lang='lat' dir='ltr'><strong>delerit.</strong></span> <span class='ocrx_word' id='word_1_164' title='bbox 434 1911 471 1974; x_wconf 90' lang='lat' dir='ltr'><strong>ld</strong></span> <span class='ocrx_word' id='word_1_165' title='bbox 485 1934 525 1976; x_wconf 90' lang='lat' dir='ltr'><strong>ne</strong></span> <span class='ocrx_word' id='word_1_166' title='bbox 538 1932 676 1996; x_wconf 88' lang='lat' dir='ltr'><strong>unquam</strong></span> <span class='ocrx_word' id='word_1_167' title='bbox 689 1911 814 1996; x_wconf 88' lang='lat' dir='ltr'><strong>posthac</strong></span> <span class='ocrx_word' id='word_1_168' title='bbox 827 1931 891 1976; x_wconf 87' lang='lat' dir='ltr'><strong>non</strong></span> <span class='ocrx_word' id='word_1_169' title='bbox 905 1910 999 1976; x_wconf 77' lang='lat' dir='ltr'><strong>modb</strong></span> <span class='ocrx_word' id='word_1_170' title='bbox 1011 1913 1133 1990; x_wconf 85' lang='lat' dir='ltr'><strong>confici,</strong></span> <span class='ocrx_word' id='word_1_171' title='bbox 1159 1913 1259 1978; x_wconf 68' lang='lat' dir='ltr'><strong>sedso</strong></span> 
     </span>
     <span class='ocr_line' id='line_1_20' title="bbox 101 1992 1211 2099; baseline 0 -34"><span class='ocrx_word' id='word_1_172' title='bbox 101 2023 142 2066; x_wconf 89' lang='lat' dir='ltr'><strong>ne</strong></span> <span class='ocrx_word' id='word_1_173' title='bbox 150 2002 277 2087; x_wconf 85' lang='lat' dir='ltr'><strong>eogitari</strong></span> <span class='ocrx_word' id='word_1_174' title='bbox 302 2001 428 2099; x_wconf 65' lang='lat' dir='ltr'><strong>quidem</strong></span> <span class='ocrx_word' id='word_1_175' title='bbox 452 1999 551 2085; x_wconf 89' lang='lat' dir='ltr'><strong>pollit,</strong></span> <span class='ocrx_word' id='word_1_176' title='bbox 575 1999 661 2064; x_wconf 77' lang='lat' dir='ltr'><strong>nobie</strong></span> <span class='ocrx_word' id='word_1_177' title='bbox 674 1999 822 2064; x_wconf 91' lang='lat' dir='ltr'><strong>hodierno</strong></span> <span class='ocrx_word' id='word_1_178' title='bbox 840 1992 896 2063; x_wconf 87' lang='lat' dir='ltr'><strong>die</strong></span> <span class='ocrx_word' id='word_1_179' title='bbox 916 2000 1139 2087; x_wconf 84' lang='lat' dir='ltr'><strong>providendum</strong></span> <span class='ocrx_word' id='word_1_180' title='bbox 1157 2001 1211 2065; x_wconf 87' lang='lat' dir='ltr'><strong>est.</strong></span> 
     </span>
     <span class='ocr_line' id='line_1_21' title="bbox 101 2086 1214 2174; baseline 0 -21"><span class='ocrx_word' id='word_1_181' title='bbox 101 2092 210 2174; x_wconf 83' lang='lat' dir='ltr'><strong>Atque</strong></span> <span class='ocrx_word' id='word_1_182' title='bbox 223 2090 301 2166; x_wconf 80' lang='lat' dir='ltr'><strong>haec,</strong></span> <span class='ocrx_word' id='word_1_183' title='bbox 323 2111 386 2153; x_wconf 90' lang='lat' dir='ltr'><strong>non</strong></span> <span class='ocrx_word' id='word_1_184' title='bbox 401 2102 436 2151; x_wconf 90' lang='lat' dir='ltr'><strong>ut</strong></span> <span class='ocrx_word' id='word_1_185' title='bbox 449 2109 514 2165; x_wconf 84' lang='lat' dir='ltr'><strong>vos,</strong></span> <span class='ocrx_word' id='word_1_186' title='bbox 529 2088 583 2172; x_wconf 90' lang='lat' dir='ltr'><strong>qui</strong></span> <span class='ocrx_word' id='word_1_187' title='bbox 593 2087 671 2150; x_wconf 80' lang='lat' dir='ltr'><strong>milri</strong></span> <span class='ocrx_word' id='word_1_188' title='bbox 681 2086 780 2150; x_wconf 88' lang='lat' dir='ltr'><strong>studio</strong></span> <span class='ocrx_word' id='word_1_189' title='bbox 795 2107 874 2171; x_wconf 86' lang='lat' dir='ltr'><strong>pene</strong></span> <span class='ocrx_word' id='word_1_190' title='bbox 888 2092 903 2139; x_wconf 82' lang='lat' dir='ltr'>d</span> <span class='ocrx_word' id='word_1_191' title='bbox 920 2089 1114 2173; x_wconf 78' lang='lat' dir='ltr'><strong>praecurritis,</strong></span> <span class='ocrx_word' id='word_1_192' title='bbox 1130 2091 1214 2153; x_wconf 85' lang='lat' dir='ltr'><strong>exei-</strong></span> 
     </span>
     <span class='ocr_line' id='line_1_22' title="bbox 99 2172 1208 2262; baseline -0.001 -21"><span class='ocrx_word' id='word_1_193' title='bbox 99 2193 210 2253; x_wconf 85' lang='lat' dir='ltr'><strong>tarem,</strong></span> <span class='ocrx_word' id='word_1_194' title='bbox 234 2172 355 2242; x_wconf 81' lang='lat' dir='ltr'><strong>locutus</strong></span> <span class='ocrx_word' id='word_1_195' title='bbox 372 2177 450 2252; x_wconf 88' lang='lat' dir='ltr'><strong>sum,</strong></span> <span class='ocrx_word' id='word_1_196' title='bbox 473 2175 525 2238; x_wconf 88' lang='lat' dir='ltr'><strong>sed</strong></span> <span class='ocrx_word' id='word_1_197' title='bbox 543 2191 578 2239; x_wconf 90' lang='lat' dir='ltr'><strong>ut</strong></span> <span class='ocrx_word' id='word_1_198' title='bbox 592 2196 661 2238; x_wconf 90' lang='lat' dir='ltr'><strong>mea</strong></span> <span class='ocrx_word' id='word_1_199' title='bbox 673 2194 745 2250; x_wconf 75' lang='lat' dir='ltr'><strong>vox,</strong></span> <span class='ocrx_word' id='word_1_200' title='bbox 767 2195 836 2260; x_wconf 81' lang='lat' dir='ltr'><strong>quae</strong></span> <span class='ocrx_word' id='word_1_201' title='bbox 856 2173 947 2238; x_wconf 88' lang='lat' dir='ltr'><strong>debet</strong></span> <span class='ocrx_word' id='word_1_202' title='bbox 972 2177 1030 2238; x_wconf 83' lang='lat' dir='ltr'><strong>else</strong></span> <span class='ocrx_word' id='word_1_203' title='bbox 1045 2176 1077 2238; x_wconf 89' lang='lat' dir='ltr'><strong>in</strong></span> <span class='ocrx_word' id='word_1_204' title='bbox 1101 2177 1208 2262; x_wconf 89' lang='lat' dir='ltr'><strong>repub.</strong></span> 
     </span>
     <span class='ocr_line' id='line_1_23' title="bbox 98 2231 1258 2351; baseline -0.005 -24"><span class='ocrx_word' id='word_1_205' title='bbox 98 2283 115 2316; x_wconf 69' lang='grc' dir='ltr'><strong>ο</strong></span> <span class='ocrx_word' id='word_1_206' title='bbox 136 2265 287 2351; x_wconf 82' lang='lat' dir='ltr'><strong>princepe,</strong></span> <span class='ocrx_word' id='word_1_207' title='bbox 308 2265 415 2348; x_wconf 77' lang='lat' dir='ltr'><strong>officio</strong></span> <span class='ocrx_word' id='word_1_208' title='bbox 423 2264 530 2330; x_wconf 71' lang='lat' dir='ltr'><strong>tincta</strong></span> <span class='ocrx_word' id='word_1_209' title='bbox 547 2261 696 2327; x_wconf 88' lang='lat' dir='ltr'><strong>consulari</strong></span> <span class='ocrx_word' id='word_1_210' title='bbox 709 2263 871 2334; x_wconf 86' lang='lat' dir='ltr'><strong>videretur.</strong></span> <span class='ocrx_word' id='word_1_211' title='bbox 915 2262 1010 2326; x_wconf 89' lang='lat' dir='ltr'><strong>Nunc</strong></span> <span class='ocrx_word' id='word_1_212' title='bbox 1033 2278 1209 2348; x_wconf 88' lang='lat' dir='ltr'><strong>antequam,</strong></span> <span class='ocrx_word' id='word_1_213' title='bbox 1240 2231 1258 2330; x_wconf 73' lang='lat' dir='ltr'><strong>s</strong></span> 
     </span>
     <span class='ocr_line' id='line_1_24' title="bbox 101 2349 1255 2437; baseline 0.002 -21"><span class='ocrx_word' id='word_1_214' title='bbox 101 2352 142 2416; x_wconf 88' lang='grc' dir='ltr'><strong>Ρ.</strong></span> <span class='ocrx_word' id='word_1_215' title='bbox 159 2350 198 2415; x_wconf 85' lang='lat' dir='ltr'><strong>C.</strong></span> <span class='ocrx_word' id='word_1_216' title='bbox 219 2355 257 2416; x_wconf 88' lang='lat' dir='ltr'><strong>ad</strong></span> <span class='ocrx_word' id='word_1_217' title='bbox 277 2353 456 2419; x_wconf 84' lang='lat' dir='ltr'><strong>sententiam</strong></span> <span class='ocrx_word' id='word_1_218' title='bbox 473 2352 583 2431; x_wconf 90' lang='lat' dir='ltr'><strong>redeo,·</strong></span> <span class='ocrx_word' id='word_1_219' title='bbox 600 2352 638 2415; x_wconf 88' lang='lat' dir='ltr'><strong>de</strong></span> <span class='ocrx_word' id='word_1_220' title='bbox 653 2372 703 2414; x_wconf 90' lang='lat' dir='ltr'><strong>me</strong></span> <span class='ocrx_word' id='word_1_221' title='bbox 717 2371 814 2436; x_wconf 86' lang='lat' dir='ltr'><strong>pauca</strong></span> <span class='ocrx_word' id='word_1_222' title='bbox 833 2351 943 2415; x_wconf 81' lang='lat' dir='ltr'><strong>dic&#39;am.</strong></span> <span class='ocrx_word' id='word_1_223' title='bbox 988 2349 1065 2437; x_wconf 86' lang='lat' dir='ltr'><strong>Ego,</strong></span> <span class='ocrx_word' id='word_1_224' title='bbox 1095 2359 1255 2436; x_wconf 73' lang='lat' dir='ltr'><strong>quanta25</strong></span> 
     </span>
     <span class='ocr_line' id='line_1_25' title="bbox 100 2439 1212 2529; baseline 0.002 -28"><span class='ocrx_word' id='word_1_225' title='bbox 100 2444 246 2505; x_wconf 73' lang='lat' dir='ltr'><strong>finanus</strong></span> <span class='ocrx_word' id='word_1_226' title='bbox 259 2442 302 2505; x_wconf 82' lang='lat' dir='ltr'><strong>est</strong></span> <span class='ocrx_word' id='word_1_227' title='bbox 324 2444 563 2529; x_wconf 83' lang='lat' dir='ltr'><strong>conjuratomm‚</strong></span> <span class='ocrx_word' id='word_1_228' title='bbox 589 2460 682 2523; x_wconf 88' lang='lat' dir='ltr'><strong>quam</strong></span> <span class='ocrx_word' id='word_1_229' title='bbox 707 2439 816 2503; x_wconf 79' lang='lat' dir='ltr'><strong>ridetis</strong></span> <span class='ocrx_word' id='word_1_230' title='bbox 839 2440 897 2503; x_wconf 86' lang='lat' dir='ltr'><strong>effe</strong></span> <span class='ocrx_word' id='word_1_231' title='bbox 911 2459 1120 2525; x_wconf 83' lang='lat' dir='ltr'><strong>permagnam,</strong></span> <span class='ocrx_word' id='word_1_232' title='bbox 1145 2455 1212 2503; x_wconf 89' lang='lat' dir='ltr'><strong>tan-</strong></span> 
     </span>
     <span class='ocr_line' id='line_1_26' title="bbox 98 2526 1212 2611; baseline -0.002 -20"><span class='ocrx_word' id='word_1_233' title='bbox 98 2539 165 2591; x_wconf 86' lang='lat' dir='ltr'><strong>tam</strong></span> <span class='ocrx_word' id='word_1_234' title='bbox 180 2550 231 2593; x_wconf 86' lang='lat' dir='ltr'><strong>me</strong></span> <span class='ocrx_word' id='word_1_235' title='bbox 245 2530 438 2595; x_wconf 85' lang='lat' dir='ltr'><strong>inimicorum</strong></span> <span class='ocrx_word' id='word_1_236' title='bbox 459 2530 689 2592; x_wconf 83' lang='lat' dir='ltr'><strong>multitudinem</strong></span> <span class='ocrx_word' id='word_1_237' title='bbox 709 2526 863 2611; x_wconf 80' lang='lat' dir='ltr'><strong>suscepisse</strong></span> <span class='ocrx_word' id='word_1_238' title='bbox 882 2528 987 2590; x_wconf 80' lang='lat' dir='ltr'><strong>rideo:</strong></span> <span class='ocrx_word' id='word_1_239' title='bbox 1012 2526 1146 2589; x_wconf 89' lang='lat' dir='ltr'><strong>sedeam</strong></span> <span class='ocrx_word' id='word_1_240' title='bbox 1166 2528 1212 2591; x_wconf 90' lang='lat' dir='ltr'><strong>es-</strong></span> 
     </span>
     <span class='ocr_line' id='line_1_27' title="bbox 97 2611 1209 2703; baseline -0.004 -22"><span class='ocrx_word' id='word_1_241' title='bbox 97 2615 130 2681; x_wconf 86' lang='lat' dir='ltr'><strong>se</strong></span> <span class='ocrx_word' id='word_1_242' title='bbox 139 2616 247 2703; x_wconf 79' lang='lat' dir='ltr'><strong>judico</strong></span> <span class='ocrx_word' id='word_1_243' title='bbox 261 2632 382 2702; x_wconf 88' lang='lat' dir='ltr'><strong>turpem</strong></span> <span class='ocrx_word' id='word_1_244' title='bbox 399 2622 430 2682; x_wconf 82' lang='lat' dir='ltr'><strong>8r</strong></span> <span class='ocrx_word' id='word_1_245' title='bbox 445 2615 610 2690; x_wconf 83' lang='lat' dir='ltr'><strong>infirmam,</strong></span> <span class='ocrx_word' id='word_1_246' title='bbox 625 2624 843 2699; x_wconf 66' lang='lat' dir='ltr'><strong>{contemptam</strong></span> <span class='ocrx_word' id='word_1_247' title='bbox 860 2617 890 2677; x_wconf 84' lang='lat'>&amp;</span> <span class='ocrx_word' id='word_1_248' title='bbox 903 2614 1063 2698; x_wconf 88' lang='lat' dir='ltr'><strong>abjectam.</strong></span> <span class='ocrx_word' id='word_1_249' title='bbox 1109 2611 1209 2699; x_wconf 76' lang='lat' dir='ltr'><strong>Qubd</strong></span> 
     </span>
     <span class='ocr_line' id='line_1_28' title="bbox 61 2698 1312 2793; baseline -0.001 -27"><span class='ocrx_word' id='word_1_250' title='bbox 61 2704 68 2719; x_wconf 74' lang='lat'>⁸</span> <span class='ocrx_word' id='word_1_251' title='bbox 99 2703 296 2791; x_wconf 86' lang='lat' dir='ltr'><strong>fialiquaudo</strong></span> <span class='ocrx_word' id='word_1_252' title='bbox 307 2706 437 2793; x_wconf 80' lang='lat' dir='ltr'><strong>alicujus</strong></span> <span class='ocrx_word' id='word_1_253' title='bbox 461 2705 564 2767; x_wconf 89' lang='lat' dir='ltr'><strong>surore</strong></span> <span class='ocrx_word' id='word_1_254' title='bbox 581 2706 611 2767; x_wconf 74' lang='grc' dir='ltr'><strong>δι</strong></span> <span class='ocrx_word' id='word_1_255' title='bbox 628 2700 738 2764; x_wconf 88' lang='lat' dir='ltr'><strong>scelere</strong></span> <span class='ocrx_word' id='word_1_256' title='bbox 761 2700 911 2765; x_wconf 88' lang='lat' dir='ltr'><strong>concitata</strong></span> <span class='ocrx_word' id='word_1_257' title='bbox 937 2722 1046 2763; x_wconf 82' lang='lat' dir='ltr'><strong>manua</strong></span> <span class='ocrx_word' id='word_1_258' title='bbox 1069 2698 1125 2763; x_wconf 83' lang='lat' dir='ltr'><strong>ista</strong></span> <span class='ocrx_word' id='word_1_259' title='bbox 1139 2702 1209 2785; x_wconf 89' lang='lat' dir='ltr'><strong>plus</strong></span> <span class='ocrx_word' id='word_1_260' title='bbox 1307 2714 1312 2727; x_wconf 93' lang='grc'>·</span> 
     </span>
     <span class='ocr_line' id='line_1_29' title="bbox 96 2788 1254 2890; baseline -0.001 -34"><span class='ocrx_word' id='word_1_261' title='bbox 96 2794 259 2857; x_wconf 75' lang='lat' dir='ltr'><strong>evaluerit</strong></span> <span class='ocrx_word' id='word_1_262' title='bbox 278 2816 370 2878; x_wconf 90' lang='lat' dir='ltr'><strong>quam</strong></span> <span class='ocrx_word' id='word_1_263' title='bbox 391 2792 489 2856; x_wconf 84' lang='lat' dir='ltr'><strong>vestra</strong></span> <span class='ocrx_word' id='word_1_264' title='bbox 513 2811 548 2855; x_wconf 88' lang='lat' dir='ltr'><strong>ac</strong></span> <span class='ocrx_word' id='word_1_265' title='bbox 568 2789 743 2890; x_wconf 85' lang='lat' dir='ltr'><strong>reipublicae</strong></span> <span class='ocrx_word' id='word_1_266' title='bbox 765 2788 908 2874; x_wconf 85' lang='lat' dir='ltr'><strong>dignitas,</strong></span> <span class='ocrx_word' id='word_1_267' title='bbox 935 2809 985 2853; x_wconf 89' lang='lat' dir='ltr'><strong>me</strong></span> <span class='ocrx_word' id='word_1_268' title='bbox 1003 2802 1105 2851; x_wconf 89' lang='lat' dir='ltr'><strong>tamen</strong></span> <span class='ocrx_word' id='word_1_269' title='bbox 1120 2797 1254 2855; x_wconf 80' lang='lat' dir='ltr'><strong>meo-30</strong></span> 
     </span>
     <span class='ocr_line' id='line_1_30' title="bbox 96 2874 1209 2965; baseline -0.001 -23"><span class='ocrx_word' id='word_1_270' title='bbox 96 2900 168 2942; x_wconf 90' lang='lat' dir='ltr'><strong>rum</strong></span> <span class='ocrx_word' id='word_1_271' title='bbox 191 2880 347 2945; x_wconf 71' lang='lat' dir='ltr'><strong>latiorum</strong></span> <span class='ocrx_word' id='word_1_272' title='bbox 376 2897 468 2965; x_wconf 91' lang='lat' dir='ltr'><strong>atque</strong></span> <span class='ocrx_word' id='word_1_273' title='bbox 497 2878 690 2943; x_wconf 80' lang='lat' dir='ltr'><strong>consiliorum</strong></span> <span class='ocrx_word' id='word_1_274' title='bbox 713 2897 882 2960; x_wconf 88' lang='lat' dir='ltr'><strong>nunquam,</strong></span> <span class='ocrx_word' id='word_1_275' title='bbox 911 2876 947 2939; x_wconf 90' lang='lat' dir='ltr'><strong>P.</strong></span> <span class='ocrx_word' id='word_1_276' title='bbox 972 2874 1010 2941; x_wconf 88' lang='lat' dir='ltr'><strong>C.</strong></span> <span class='ocrx_word' id='word_1_277' title='bbox 1037 2875 1209 2961; x_wconf 83' lang='lat' dir='ltr'><strong>poenitebit.</strong></span> 
     </span>
     <span class='ocr_line' id='line_1_31' title="bbox 12 2964 1260 3053; baseline -0.002 -22"><span class='ocrx_word' id='word_1_278' title='bbox 12 2970 18 2979; x_wconf 83' lang='grc'><em>’</em></span> <span class='ocrx_word' id='word_1_279' title='bbox 97 2966 323 3049; x_wconf 83' lang='lat' dir='ltr'><strong>Etenimmora,</strong></span> <span class='ocrx_word' id='word_1_280' title='bbox 338 2990 431 3053; x_wconf 89' lang='lat' dir='ltr'><strong>quam</strong></span> <span class='ocrx_word' id='word_1_281' title='bbox 445 2968 489 3031; x_wconf 90' lang='lat' dir='ltr'><strong>illi</strong></span> <span class='ocrx_word' id='word_1_282' title='bbox 519 2966 594 3029; x_wconf 87' lang='lat' dir='ltr'><strong>mihi</strong></span> <span class='ocrx_word' id='word_1_283' title='bbox 614 2964 734 3029; x_wconf 82' lang='lat' dir='ltr'><strong>sortasse</strong></span> <span class='ocrx_word' id='word_1_284' title='bbox 761 2964 951 3040; x_wconf 84' lang='lat' dir='ltr'><strong>minitantur,</strong></span> <span class='ocrx_word' id='word_1_285' title='bbox 985 2965 1127 3029; x_wconf 76' lang='lat' dir='ltr'><strong>omnibus</strong></span> <span class='ocrx_word' id='word_1_286' title='bbox 1158 2967 1205 3029; x_wconf 89' lang='lat' dir='ltr'><strong>est</strong></span> <span class='ocrx_word' id='word_1_287' title='bbox 1258 2970 1260 2975; x_wconf 65' lang='grc'><strong>“</strong></span> 
     </span>
     <span class='ocr_line' id='line_1_32' title="bbox 94 3052 1209 3141; baseline -0.001 -22"><span class='ocrx_word' id='word_1_288' title='bbox 94 3070 213 3141; x_wconf 80' lang='lat' dir='ltr'><strong>parata:</strong></span> <span class='ocrx_word' id='word_1_289' title='bbox 240 3058 311 3123; x_wconf 83' lang='lat' dir='ltr'><strong>vitae</strong></span> <span class='ocrx_word' id='word_1_290' title='bbox 336 3072 452 3121; x_wconf 87' lang='lat' dir='ltr'><strong>tantam</strong></span> <span class='ocrx_word' id='word_1_291' title='bbox 477 3057 612 3131; x_wconf 86' lang='lat' dir='ltr'><strong>laudem,</strong></span> <span class='ocrx_word' id='word_1_292' title='bbox 651 3060 763 3136; x_wconf 75' lang='lat' dir='ltr'><strong>quanta</strong></span> <span class='ocrx_word' id='word_1_293' title='bbox 794 3074 847 3116; x_wconf 84' lang='lat' dir='ltr'><strong>voa</strong></span> <span class='ocrx_word' id='word_1_294' title='bbox 873 3074 923 3116; x_wconf 92' lang='lat' dir='ltr'><strong>me</strong></span> <span class='ocrx_word' id='word_1_295' title='bbox 946 3052 1050 3117; x_wconf 83' lang='lat' dir='ltr'><strong>vestris</strong></span> <span class='ocrx_word' id='word_1_296' title='bbox 1079 3054 1209 3118; x_wconf 77' lang='lat' dir='ltr'><strong>decretis</strong></span> 
     </span>
     <span class='ocr_line' id='line_1_33' title="bbox 95 3140 1207 3227; baseline -0.001 -20"><span class='ocrx_word' id='word_1_297' title='bbox 95 3142 288 3223; x_wconf 73' lang='lat' dir='ltr'><strong>honestastis,</strong></span> <span class='ocrx_word' id='word_1_298' title='bbox 299 3166 391 3209; x_wconf 87' lang='lat' dir='ltr'><strong>nemo</strong></span> <span class='ocrx_word' id='word_1_299' title='bbox 400 3143 443 3207; x_wconf 86' lang='lat' dir='ltr'><strong>ell</strong></span> <span class='ocrx_word' id='word_1_300' title='bbox 453 3144 609 3207; x_wconf 85' lang='lat' dir='ltr'><strong>assecutus.</strong></span> <span class='ocrx_word' id='word_1_301' title='bbox 647 3140 774 3205; x_wconf 83' lang='lat' dir='ltr'><strong>Caeteria</strong></span> <span class='ocrx_word' id='word_1_302' title='bbox 788 3142 871 3205; x_wconf 88' lang='lat' dir='ltr'><strong>enim</strong></span> <span class='ocrx_word' id='word_1_303' title='bbox 885 3140 1003 3225; x_wconf 84' lang='lat' dir='ltr'><strong>semper</strong></span> <span class='ocrx_word' id='word_1_304' title='bbox 1013 3141 1093 3205; x_wconf 84' lang='lat' dir='ltr'><strong>bene</strong></span> <span class='ocrx_word' id='word_1_305' title='bbox 1103 3140 1207 3227; x_wconf 75' lang='lat' dir='ltr'><strong>gestae,</strong></span> 
     </span>
     <span class='ocr_line' id='line_1_34' title="bbox 95 3228 1248 3315; baseline -0.003 -21"><span class='ocrx_word' id='word_1_306' title='bbox 95 3232 175 3295; x_wconf 83' lang='lat' dir='ltr'><strong>milri</strong></span> <span class='ocrx_word' id='word_1_307' title='bbox 196 3234 255 3311; x_wconf 40' lang='lat' dir='ltr'><strong>,uui</strong></span> <span class='ocrx_word' id='word_1_308' title='bbox 276 3234 458 3297; x_wconf 79' lang='lat' dir='ltr'><strong>conservatae</strong></span> <span class='ocrx_word' id='word_1_309' title='bbox 471 3230 645 3315; x_wconf 83' lang='lat' dir='ltr'><strong>reipublicae</strong></span> <span class='ocrx_word' id='word_1_310' title='bbox 670 3228 903 3315; x_wconf 86' lang='lat' dir='ltr'><strong>gratulationem</strong></span> <span class='ocrx_word' id='word_1_311' title='bbox 927 3228 1109 3293; x_wconf 85' lang='lat' dir='ltr'><strong>decrevistis.</strong></span> <span class='ocrx_word' id='word_1_312' title='bbox 1154 3228 1248 3292; x_wconf 76' lang='lat' dir='ltr'><strong>sitae</strong></span> 
     </span>
     <span class='ocr_line' id='line_1_35' title="bbox 94 3314 1208 3407; baseline -0.007 -22"><span class='ocrx_word' id='word_1_313' title='bbox 94 3318 202 3405; x_wconf 81' lang='lat' dir='ltr'><strong>Scipio</strong></span> <span class='ocrx_word' id='word_1_314' title='bbox 224 3322 334 3399; x_wconf 81' lang='lat' dir='ltr'><strong>clarus,</strong></span> <span class='ocrx_word' id='word_1_315' title='bbox 367 3315 438 3399; x_wconf 78' lang='lat' dir='ltr'><strong>ille,</strong></span> <span class='ocrx_word' id='word_1_316' title='bbox 466 3321 555 3407; x_wconf 76' lang='lat' dir='ltr'><strong>cujus</strong></span> <span class='ocrx_word' id='word_1_317' title='bbox 579 3316 702 3381; x_wconf 80' lang='lat' dir='ltr'><strong>consilio</strong></span> <span class='ocrx_word' id='word_1_318' title='bbox 736 3316 962 3401; x_wconf 81' lang='lat' dir='ltr'><strong>atquevirtute</strong></span> <span class='ocrx_word' id='word_1_319' title='bbox 989 3314 1146 3380; x_wconf 87' lang='lat' dir='ltr'><strong>Hannibal</strong></span> <span class='ocrx_word' id='word_1_320' title='bbox 1173 3315 1208 3405; x_wconf 84' lang='lat' dir='ltr'><strong>in</strong></span> 
     </span>
    </p>
   </div>
   <div class='ocr_carea' id='block_1_3' title="bbox 94 3441 1208 3645">
    <p class='ocr_par' dir='ltr' id='par_1_3' title="bbox 94 3441 1208 3645">
     <span class='ocr_line' id='line_1_36' title="bbox 140 3441 1208 3561; baseline -0.008 -21"><span class='ocrx_word' id='word_1_321' title='bbox 140 3493 156 3525; x_wconf 81' lang='lat'>⁸</span> <span class='ocrx_word' id='word_1_322' title='bbox 174 3474 431 3561; x_wconf 75' lang='lat' dir='ltr'><strong>nonutviuntſsbi.</strong></span> <span class='ocrx_word' id='word_1_323' title='bbox 475 3476 492 3522; x_wconf 85' lang='lat' dir='ltr'><strong>b</strong></span> <span class='ocrx_word' id='word_1_324' title='bbox 502 3482 648 3556; x_wconf 78' lang='lat' dir='ltr'><strong>precatur.</strong></span> <span class='ocrx_word' id='word_1_325' title='bbox 682 3441 708 3521; x_wconf 27' lang='grc' dir='ltr'><strong>’θ</strong></span> <span class='ocrx_word' id='word_1_326' title='bbox 726 3492 819 3539; x_wconf 80' lang='lat' dir='ltr'><strong>arcem</strong></span> <span class='ocrx_word' id='word_1_327' title='bbox 829 3468 1023 3555; x_wconf 78' lang='lat' dir='ltr'><strong>Capitolinam.</strong></span> <span class='ocrx_word' id='word_1_328' title='bbox 1069 3472 1086 3519; x_wconf 87' lang='lat' dir='ltr'><strong>d</strong></span> <span class='ocrx_word' id='word_1_329' title='bbox 1096 3482 1208 3553; x_wconf 73' lang='lat' dir='ltr'><strong>prave-</strong></span> 
     </span>
     <span class='ocr_line' id='line_1_37' title="bbox 94 3560 820 3645; baseline -0.004 -23"><span class='ocrx_word' id='word_1_330' title='bbox 94 3563 174 3625; x_wconf 81' lang='lat' dir='ltr'><strong>nr‘tr&#39;s.</strong></span> <span class='ocrx_word' id='word_1_331' title='bbox 220 3579 235 3613; x_wconf 78' lang='lat' dir='ltr'><strong>a</strong></span> <span class='ocrx_word' id='word_1_332' title='bbox 246 3563 354 3645; x_wconf 71' lang='lat' dir='ltr'><strong>prima.</strong></span> <span class='ocrx_word' id='word_1_333' title='bbox 398 3560 586 3625; x_wconf 77' lang='lat' dir='ltr'><strong>smaltitudo.</strong></span> <span class='ocrx_word' id='word_1_334' title='bbox 631 3560 789 3645; x_wconf 62' lang='lat' dir='ltr'><strong>{potuerit</strong></span> <span class='ocrx_word' id='word_1_335' title='bbox 810 3586 820 3629; x_wconf 42' lang='lat'><strong>‚¹</strong></span> 
     </span>
    </p>
   </div>
   <div class='ocr_carea' id='block_1_4' title="bbox 90 3712 1319 4306">
    <p class='ocr_par' dir='ltr' id='par_1_4' title="bbox 90 3712 1319 4306">
     <span class='ocr_line' id='line_1_38' title="bbox 127 3712 1252 3780; baseline -0.002 -15"><span class='ocrx_word' id='word_1_336' title='bbox 127 3720 153 3765; x_wconf 83' lang='lat'><strong>9.</strong></span> <span class='ocrx_word' id='word_1_337' title='bbox 173 3715 318 3776; x_wconf 65' lang='lat' dir='ltr'><strong>Paullum]</strong></span> <span class='ocrx_word' id='word_1_338' title='bbox 333 3719 438 3780; x_wconf 71' lang='lat' dir='ltr'><strong>Penates</strong></span> <span class='ocrx_word' id='word_1_339' title='bbox 457 3718 490 3767; x_wconf 82' lang='lat' dir='ltr'><strong>dii</strong></span> <span class='ocrx_word' id='word_1_340' title='bbox 505 3716 589 3765; x_wconf 78' lang='lat' dir='ltr'><strong>aeleotl</strong></span> <span class='ocrx_word' id='word_1_341' title='bbox 602 3721 660 3763; x_wconf 85' lang='lat' dir='ltr'><strong>mut</strong></span> <span class='ocrx_word' id='word_1_342' title='bbox 690 3714 727 3762; x_wconf 80' lang='lat' dir='ltr'><strong>nie</strong></span> <span class='ocrx_word' id='word_1_343' title='bbox 738 3714 837 3772; x_wconf 79' lang='lat' dir='ltr'><strong>fovetur,</strong></span> <span class='ocrx_word' id='word_1_344' title='bbox 850 3712 1252 3777; x_wconf 63' lang='lat' dir='ltr'><strong>&amp;ubiputabantdaoeeenateau</strong></span> 
     </span>
     <span class='ocr_line' id='line_1_39' title="bbox 90 3778 1059 3844; baseline -0.003 -15"><span class='ocrx_word' id='word_1_345' title='bbox 90 3780 232 3839; x_wconf 59' lang='lat' dir='ltr'><strong>mim,</strong></span> <span class='ocrx_word' id='word_1_346' title='bbox 252 3784 294 3844; x_wconf 84' lang='lat' dir='ltr'><strong>qni</strong></span> <span class='ocrx_word' id='word_1_347' title='bbox 322 3782 399 3833; x_wconf 69' lang='lat' dir='ltr'><strong>&amp;dii</strong></span> <span class='ocrx_word' id='word_1_348' title='bbox 418 3784 490 3844; x_wconf 80' lang='lat' dir='ltr'><strong>patrii</strong></span> <span class='ocrx_word' id='word_1_349' title='bbox 507 3782 658 3838; x_wconf 79' lang='lat' dir='ltr'><strong>dicebantur,</strong></span> <span class='ocrx_word' id='word_1_350' title='bbox 689 3778 1028 3829; x_wconf 73' lang='lat' dir='ltr'><strong>uomenticoalaerreaide&#39;re.</strong></span> <span class='ocrx_word' id='word_1_351' title='bbox 1052 3818 1059 3833; x_wconf 74' lang='grc'>,</span> 
     </span>
     <span class='ocr_line' id='line_1_40' title="bbox 91 3841 1251 3909; baseline 0 -17"><span class='ocrx_word' id='word_1_352' title='bbox 91 3858 138 3892; x_wconf 75' lang='grc' dir='ltr'><strong>ιω</strong></span> <span class='ocrx_word' id='word_1_353' title='bbox 150 3847 288 3905; x_wconf 67' lang='lat' dir='ltr'><strong>domenum,</strong></span> <span class='ocrx_word' id='word_1_354' title='bbox 308 3849 372 3909; x_wconf 85' lang='lat' dir='ltr'><strong>quod</strong></span> <span class='ocrx_word' id='word_1_355' title='bbox 387 3862 463 3909; x_wconf 76' lang='lat' dir='ltr'><strong>penes</strong></span> <span class='ocrx_word' id='word_1_356' title='bbox 479 3846 657 3903; x_wconf 82' lang='lat' dir='ltr'><strong>nornatlruot,</strong></span> <span class='ocrx_word' id='word_1_357' title='bbox 725 3848 763 3893; x_wconf 85' lang='lat'><strong>19.</strong></span> <span class='ocrx_word' id='word_1_358' title='bbox 786 3842 839 3893; x_wconf 81' lang='lat' dir='ltr'><strong>Uaa</strong></span> <span class='ocrx_word' id='word_1_359' title='bbox 849 3841 916 3901; x_wconf 72' lang='lat' dir='ltr'><strong>aon-l</strong></span> <span class='ocrx_word' id='word_1_360' title='bbox 949 3842 1110 3892; x_wconf 80' lang='lat' dir='ltr'><strong>Saturnalium</strong></span> <span class='ocrx_word' id='word_1_361' title='bbox 1124 3848 1251 3893; x_wconf 69' lang='lat' dir='ltr'><strong>meteon-</strong></span> 
     </span>
     <span class='ocr_line' id='line_1_41' title="bbox 91 3907 1112 3974; baseline 0 -17"><span class='ocrx_word' id='word_1_362' title='bbox 91 3910 374 3972; x_wconf 74' lang='lat' dir='ltr'><strong>nvepenitusiuaiuent,</strong></span> <span class='ocrx_word' id='word_1_363' title='bbox 390 3916 429 3960; x_wconf 75' lang='lat' dir='ltr'><strong>rel</strong></span> <span class='ocrx_word' id='word_1_364' title='bbox 449 3927 493 3974; x_wconf 87' lang='lat' dir='ltr'><strong>per</strong></span> <span class='ocrx_word' id='word_1_365' title='bbox 506 3926 564 3973; x_wconf 73' lang='lat' dir='ltr'><strong>quoa</strong></span> <span class='ocrx_word' id='word_1_366' title='bbox 581 3912 658 3973; x_wconf 71' lang='lat' dir='ltr'><strong>spira-</strong></span> <span class='ocrx_word' id='word_1_367' title='bbox 689 3909 746 3958; x_wconf 79' lang='lat' dir='ltr'><strong>dem</strong></span> <span class='ocrx_word' id='word_1_368' title='bbox 757 3907 1112 3971; x_wconf 79' lang='lat' dir='ltr'><strong>lucerecogitabentuonjumtl.</strong></span> 
     </span>
     <span class='ocr_line' id='line_1_42' title="bbox 92 3970 1252 4031; baseline -0.009 -1"><span class='ocrx_word' id='word_1_369' title='bbox 92 3986 151 4022; x_wconf 60' lang='grc' dir='ltr'><strong>ΝΒ</strong></span> <span class='ocrx_word' id='word_1_370' title='bbox 723 3978 763 4024; x_wconf 73' lang='lat' dir='ltr'><strong>ut.</strong></span> <span class='ocrx_word' id='word_1_371' title='bbox 780 3974 825 4023; x_wconf 79' lang='lat' dir='ltr'><strong>Sed</strong></span> <span class='ocrx_word' id='word_1_372' title='bbox 839 3970 909 4031; x_wconf 80' lang='lat' dir='ltr'><strong>eam]</strong></span> <span class='ocrx_word' id='word_1_373' title='bbox 926 3974 1108 4023; x_wconf 82' lang='lat' dir='ltr'><strong>Multitudinem</strong></span> <span class='ocrx_word' id='word_1_374' title='bbox 1121 3986 1177 4021; x_wconf 86' lang='lat' dir='ltr'><strong>eam</strong></span> <span class='ocrx_word' id='word_1_375' title='bbox 1191 3972 1252 4020; x_wconf 82' lang='lat' dir='ltr'><strong>dicit</strong></span> 
     </span>
     <span class='ocr_line' id='line_1_43' title="bbox 129 4034 1253 4103; baseline -0.002 -17"><span class='ocrx_word' id='word_1_376' title='bbox 129 4038 167 4090; x_wconf 88' lang='lat' dir='ltr'><strong>lb.</strong></span> <span class='ocrx_word' id='word_1_377' title='bbox 186 4038 266 4103; x_wconf 74' lang='lat' dir='ltr'><strong>Ignem</strong></span> <span class='ocrx_word' id='word_1_378' title='bbox 292 4038 389 4099; x_wconf 59' lang='lat' dir='ltr'><strong>Veste]</strong></span> <span class='ocrx_word' id='word_1_379' title='bbox 422 4042 486 4102; x_wconf 76' lang='lat' dir='ltr'><strong>Ignia</strong></span> <span class='ocrx_word' id='word_1_380' title='bbox 502 4046 556 4091; x_wconf 85' lang='lat' dir='ltr'><strong>erat</strong></span> <span class='ocrx_word' id='word_1_381' title='bbox 572 4040 599 4089; x_wconf 86' lang='lat' dir='ltr'><strong>iu</strong></span> <span class='ocrx_word' id='word_1_382' title='bbox 616 4056 660 4090; x_wconf 78' lang='lat' dir='ltr'><strong>ara</strong></span> <span class='ocrx_word' id='word_1_383' title='bbox 690 4040 820 4088; x_wconf 82' lang='lat' dir='ltr'><strong>conflatam</strong></span> <span class='ocrx_word' id='word_1_384' title='bbox 838 4043 852 4085; x_wconf 71' lang='lat' dir='ltr'><strong>e</strong></span> <span class='ocrx_word' id='word_1_385' title='bbox 869 4038 910 4086; x_wconf 86' lang='lat' dir='ltr'><strong>vili</strong></span> <span class='ocrx_word' id='word_1_386' title='bbox 929 4040 1065 4103; x_wconf 81' lang='lat' dir='ltr'><strong>plebecula,</strong></span> <span class='ocrx_word' id='word_1_387' title='bbox 1092 4042 1105 4083; x_wconf 73' lang='lat' dir='ltr'><strong>a</strong></span> <span class='ocrx_word' id='word_1_388' title='bbox 1126 4052 1174 4099; x_wconf 85' lang='lat' dir='ltr'><strong>qua</strong></span> <span class='ocrx_word' id='word_1_389' title='bbox 1191 4034 1253 4084; x_wconf 85' lang='lat' dir='ltr'><strong>nihil</strong></span> 
     </span>
     <span class='ocr_line' id='line_1_44' title="bbox 90 4104 873 4168; baseline -0.001 -12"><span class='ocrx_word' id='word_1_390' title='bbox 90 4108 234 4165; x_wconf 67' lang='lat' dir='ltr'><strong>perpetrant,</strong></span> <span class='ocrx_word' id='word_1_391' title='bbox 254 4119 330 4168; x_wconf 79' lang='lat' dir='ltr'><strong>quem</strong></span> <span class='ocrx_word' id='word_1_392' title='bbox 351 4106 469 4155; x_wconf 79' lang='lat' dir='ltr'><strong>curabant</strong></span> <span class='ocrx_word' id='word_1_393' title='bbox 485 4107 597 4168; x_wconf 65' lang='lat' dir='ltr'><strong>Vlrm&#39;net</strong></span> <span class='ocrx_word' id='word_1_394' title='bbox 606 4108 658 4155; x_wconf 85' lang='lat' dir='ltr'><strong>Ve-</strong></span> <span class='ocrx_word' id='word_1_395' title='bbox 689 4104 873 4155; x_wconf 78' lang='lat' dir='ltr'><strong>formidandum.</strong></span> 
     </span>
     <span class='ocr_line' id='line_1_45' title="bbox 90 4164 1251 4233; baseline -0.004 -17"><span class='ocrx_word' id='word_1_396' title='bbox 90 4173 175 4217; x_wconf 71' lang='lat' dir='ltr'><strong>stulu.</strong></span> <span class='ocrx_word' id='word_1_397' title='bbox 377 4207 383 4215; x_wconf 79' lang='grc'><strong><em>.</em></strong></span> <span class='ocrx_word' id='word_1_398' title='bbox 622 4214 625 4217; x_wconf 81' lang='grc'>,</span> <span class='ocrx_word' id='word_1_399' title='bbox 723 4172 763 4219; x_wconf 78' lang='lat' dir='ltr'><strong>at.</strong></span> <span class='ocrx_word' id='word_1_400' title='bbox 790 4168 856 4217; x_wconf 83' lang='lat' dir='ltr'><strong>Bene</strong></span> <span class='ocrx_word' id='word_1_401' title='bbox 875 4166 965 4233; x_wconf 68' lang='lat' dir='ltr'><strong>geste.)</strong></span> <span class='ocrx_word' id='word_1_402' title='bbox 1002 4168 1069 4216; x_wconf 81' lang='lat' dir='ltr'><strong>Rene</strong></span> <span class='ocrx_word' id='word_1_403' title='bbox 1093 4168 1162 4226; x_wconf 74' lang='lat' dir='ltr'><strong>gerla</strong></span> <span class='ocrx_word' id='word_1_404' title='bbox 1189 4164 1251 4211; x_wconf 56' lang='lat' dir='ltr'><strong>Res</strong></span> 
     </span>
     <span class='ocr_line' id='line_1_46' title="bbox 129 4226 1319 4306; baseline 0 -27"><span class='ocrx_word' id='word_1_405' title='bbox 129 4236 168 4281; x_wconf 86' lang='lat'><strong>10.</strong></span> <span class='ocrx_word' id='word_1_406' title='bbox 181 4232 309 4293; x_wconf 71' lang='lat' dir='ltr'><strong>Delubra]</strong></span> <span class='ocrx_word' id='word_1_407' title='bbox 340 4236 551 4286; x_wconf 78' lang='lat' dir='ltr'><strong>Delubtataoella</strong></span> <span class='ocrx_word' id='word_1_408' title='bbox 564 4242 620 4287; x_wconf 74' lang='lat' dir='ltr'><strong>tamt</strong></span> <span class='ocrx_word' id='word_1_409' title='bbox 633 4236 659 4286; x_wconf 87' lang='lat' dir='ltr'><strong>ln</strong></span> <span class='ocrx_word' id='word_1_410' title='bbox 689 4236 748 4296; x_wconf 86' lang='lat' dir='ltr'><strong>pub.</strong></span> <span class='ocrx_word' id='word_1_411' title='bbox 766 4238 820 4282; x_wconf 86' lang='lat' dir='ltr'><strong>tum</strong></span> <span class='ocrx_word' id='word_1_412' title='bbox 836 4232 968 4291; x_wconf 77' lang='lat' dir='ltr'><strong>dicebatur,</strong></span> <span class='ocrx_word' id='word_1_413' title='bbox 993 4246 1049 4282; x_wconf 85' lang='lat' dir='ltr'><strong>eum</strong></span> <span class='ocrx_word' id='word_1_414' title='bbox 1064 4232 1142 4278; x_wconf 75' lang='lat' dir='ltr'><strong>hostes</strong></span> <span class='ocrx_word' id='word_1_415' title='bbox 1162 4226 1251 4279; x_wconf 66' lang='lat' dir='ltr'><strong>devicti</strong></span> <span class='ocrx_word' id='word_1_416' title='bbox 1314 4296 1319 4306; x_wconf 40' lang='grc' dir='ltr'>Ι</span> 
     </span>
    </p>
   </div>
   <div class='ocr_carea' id='block_1_5' title="bbox 8 4298 765 4359">
    <p class='ocr_par' dir='ltr' id='par_1_5' title="bbox 8 4298 765 4359">
     <span class='ocr_line' id='line_1_47' title="bbox 8 4298 765 4359; baseline 0.004 -15"><span class='ocrx_word' id='word_1_417' title='bbox 8 4305 9 4326; x_wconf 70' lang='lat'>³</span> <span class='ocrx_word' id='word_1_418' title='bbox 90 4298 200 4359; x_wconf 72' lang='lat' dir='ltr'><strong>tempta</strong></span> <span class='ocrx_word' id='word_1_419' title='bbox 687 4304 765 4348; x_wconf 76' lang='lat' dir='ltr'><strong>erant</strong></span> 
     </span>
    </p>
   </div>
   <div class='ocr_carea' id='block_1_6' title="bbox 129 4326 1252 4491">
    <p class='ocr_par' dir='ltr' id='par_1_6' title="bbox 129 4326 1252 4491">
     <span class='ocr_line' id='line_1_48' title="bbox 129 4326 1252 4491; baseline -0.016 -66"><span class='ocrx_word' id='word_1_420' title='bbox 129 4364 168 4411; x_wconf 60' lang='lat'><strong>¹³1</strong></span> <span class='ocrx_word' id='word_1_421' title='bbox 180 4361 312 4425; x_wconf 58' lang='lat' dir='ltr'><strong>nrm]</strong></span> <span class='ocrx_word' id='word_1_422' title='bbox 342 4366 419 4423; x_wconf 70' lang='lat' dir='ltr'><strong>roco</strong></span> <span class='ocrx_word' id='word_1_423' title='bbox 433 4370 553 4436; x_wconf 63' lang='lat' dir='ltr'><strong>rao-u,</strong></span> <span class='ocrx_word' id='word_1_424' title='bbox 571 4365 685 4491; x_wconf 65' lang='lat' dir='ltr'><strong>mig-Z</strong></span> <span class='ocrx_word' id='word_1_425' title='bbox 721 4368 761 4417; x_wconf 78' lang='lat' dir='ltr'><strong>aa.</strong></span> <span class='ocrx_word' id='word_1_426' title='bbox 777 4363 814 4418; x_wconf 76' lang='lat' dir='ltr'><strong>sa</strong></span> <span class='ocrx_word' id='word_1_427' title='bbox 830 4362 905 4430; x_wconf 69' lang='lat' dir='ltr'><strong>repa</strong></span> <span class='ocrx_word' id='word_1_428' title='bbox 921 4357 1019 4421; x_wconf 59' lang='lat' dir='ltr'><strong>tumet</strong></span> <span class='ocrx_word' id='word_1_429' title='bbox 1058 4358 1137 4424; x_wconf 70' lang='lat' dir='ltr'><strong>snpra</strong></span> <span class='ocrx_word' id='word_1_430' title='bbox 1154 4326 1252 4417; x_wconf 63' lang='lat' dir='ltr'><strong>artea-</strong></span> 
     </span>
    </p>
   </div>
   <div class='ocr_carea' id='block_1_7' title="bbox 0 0 1418 4775">
    <p class='ocr_par' dir='ltr' id='par_1_7' title="bbox 0 0 1418 4775">
     <span class='ocr_line' id='line_1_49' title="bbox 0 0 1418 4775; baseline 0 8"><span class='ocrx_word' id='word_1_431' title='bbox 0 0 1418 4775; x_wconf 95' lang='lat' dir='ltr'><strong> </strong></span> 
     </span>
    </p>
   </div>
  </div>
 </body>
</html>
