2825 4775
361 279 536 346 oRn‘rro
554 279 595 346 11.
617 281 667 346 ΙΝ
688 279 727 344 L.
750 279 1012 348 CATILINAM.
1194 293 1252 350 111

108 423 204 500 quam
226 431 296 499 pars
315 412 527 492 Patriciorum,
550 415 697 499 potestate
716 423 819 480 tamen
843 414 943 480 nostris
966 418 1211 486 eontineituntur.

111 505 157 589 Q.
178 503 336 578 Metellus,
356 515 447 586 quem
467 526 525 589 ego
540 503 724 588 prospiciens
744 505 814 581 hoc,
838 504 869 568 in
888 526 994 590 agrum
1019 507 1213 572 Gallicanum

110 591 322 674 Picenumque
350 591 488 674 praemiii,
511 608 562 654 aut
584 593 736 677 opprimet
754 592 922 670 hominem,
943 608 995 656 aut
1018 615 1124 660 omnes
1143 597 1256 680 ejuslo

110 694 215 743 motus
238 679 424 763 conatusque
445 678 629 763 prohibebit,
655 681 780 764 reliquis
802 695 904 744 autem
927 684 965 744 de
989 681 1079 746 rebus
1102 684 1217 748 eonstia·

109 768 245 842 tuendis,
275 771 291 816 b
317 768 513 845 maturandis,
549 769 684 854 agendis,
713 769 777 853 jam
802 770 839 830 ad
863 769 1010 832 Senatum
1035 772 1214 850 referemus,

110 877 206 939 quem
223 856 325 918 vocari
344 856 461 920 videtis.
505 857 599 920 Nunc
619 857 687 920 ilios
707 858 762 941 qui
780 857 812 920 in
833 856 907 920 urbe
927 857 1143 938 remanserunt,
1168 875 1214 924 ata

109 965 175 1025 que
202 943 280 1006 adeo
307 945 361 1026 qui
389 958 494 1008 contra
522 945 604 1008 urbia
629 944 756 1007 salutem
781 944 982 1027 omniumque
1006 945 1152 1026 restrium,
1180 950 1213 1012 in

109 1030 187 1095 urbe
204 1039 222 1094 ὲ
240 1030 370 1094 Catilina
386 1032 486 1096 ruisti
504 1031 584 1107 sunt,
607 1041 782 1115 quanquam
800 1031 869 1094 sunt
885 1031 997 1109 hostes,
1019 1048 1121 1098 tamen
1139 1038 1254 1119 quia15

110 1119 176 1182 nati
199 1118 269 1180 sunt
292 1119 383 1197 cives,
422 1121 554 1183 monitos
577 1121 670 1182 etiam
689 1133 780 1202 atque
806 1119 896 1183 etiam
918 1123 997 1184 volo.
1042 1122 1116 1184 Mea
1137 1125 1214 1186 leni·-

109 1219 156 1270 tas
178 1205 278 1268 adhuc
294 1204 314 1266 fi
329 1207 379 1269 cui
394 1229 408 1260 c
425 1208 548 1270 solutior
569 1206 629 1268 uisa
643 1205 698 1282 est,
727 1206 786 1269 hoc
801 1206 981 1290 expediant,
1007 1222 1042 1270 ut
1065 1211 1106 1284 id,
1129 1212 1212 1292 quod

108 1294 234 1370 latebat,
258 1311 440 1379 erumperet.
485 1295 581 1380 Quod
605 1294 758 1377 reliquum
782 1293 837 1370 est,
856 1294 921 1380 jam
936 1317 997 1358 non
1007 1297 1123 1378 poffum
1138 1297 1214 1360 obli·

107 1381 192 1458 visci,
204 1402 304 1443 meam
325 1382 404 1445 hanc
419 1383 476 1446 esse
496 1381 633 1466 patriam,
662 1403 713 1445 me
734 1381 844 1444 horum
859 1381 916 1444 effe
942 1383 1108 1448 consulem:
1137 1385 1212 1446 mihi

108 1483 163 1532 aut
182 1490 255 1532 eum
269 1471 318 1532 hie
331 1471 506 1546 vivendum,
532 1484 584 1532 aut
598 1490 653 1553 pro
673 1470 721 1532 his
741 1469 799 1533 effe
818 1471 1022 1533 moriendum:
1052 1473 1153 1535 nulius
1165 1472 1256 1547 estio

108 1571 206 1642 portae
221 1557 333 1634 custos,
348 1559 450 1620 nullus
462 1557 612 1620 insidiator
631 1556 702 1621 viae:
725 1557 809 1641 siqui
830 1557 911 1620 exire
924 1559 1041 1636 volunt,
1056 1561 1211 1624 consulere

108 1645 165 1707 fibi
183 1647 318 1728 possunt:
350 1645 404 1729 qui
423 1667 494 1708 vero
515 1645 547 1706 in
566 1645 640 1708 urbe
663 1645 693 1708 se
716 1645 925 1720 commoverit,
954 1648 1042 1730 cujus
1066 1670 1124 1733 ego
1150 1671 1213 1712 non

108 1731 206 1796 modo
229 1733 361 1809 fadium,
391 1734 445 1796 sed
470 1734 625 1818 inceptum
644 1733 741 1794 ullum
762 1746 942 1796 conatumve
962 1749 1066 1796 contra
1085 1737 1212 1819 patriam

109 1820 353 1904 deprehendero,
383 1819 490 1884 sentiet
511 1820 543 1882 in
571 1820 628 1884 hac
643 1819 717 1883 urbe
732 1821 789 1882 eise
811 1820 947 1884 consules
961 1821 1129 1906 vigilantes,
1154 1825 1211 1886 etse

108 1908 250 1993 egregios
271 1907 473 1992 magistratus,
501 1909 559 1971 esse
572 1909 686 1970 sortem
699 1907 858 1984 Senatum,
882 1907 939 1970 etse
955 1930 1047 1986 arma,
1069 1911 1126 1972 effe
1142 1915 1254 1974 car-25

107 2017 227 2058 cerem:
252 2017 345 2079 quem
371 1996 523 2058 vindicem
547 1995 743 2072 nefariorum,
765 2017 799 2059 ac
819 1995 1047 2060 manifestorum
1066 1997 1211 2061 scelerum
1287 2046 1291 2058 ,

106 2084 243 2168 majores
262 2083 355 2146 nostri
375 2084 433 2146 effe
451 2085 621 2146 voluerunt.
667 2085 772 2166 Atque
794 2081 860 2146 haec
883 2083 985 2146 omnia
1011 2085 1049 2147 fic
1073 2101 1210 2169 agentur,
1240 2041 1290 2170 s'

107 2170 262 2256 Quirites,
286 2185 322 2232 ut
343 2171 554 2234 res'maximae
579 2169 707 2233 minimo
725 2183 822 2244 motu,
848 2171 980 2253 pericula
995 2171 1111 2233 summa
1125 2174 1211 2234 nullo

107 2260 258 2333 tumultu,
282 2258 395 2320 bellum
411 2256 587 2321 intestinum
601 2278 636 2320 ac
651 2255 861 2333 domesticum,
887 2255 953 2340 post
972 2257 1131 2321 hominum
1147 2280 1211 2324 me-

107 2347 239 2410 moriam
269 2345 502 2410 crudeliiiimum
522 2368 556 2409 ac
585 2345 839 2421 maximum,;me
865 2365 927 2409 uno
950 2359 1052 2431 togato
1077 2348 1154 2410 duce
1176 2351 1254 2412 &30
1313 2379 1315 2384 v

107 2436 304 2518 imperatore,
330 2433 570 2523 sedetur31quod
594 2454 652 2519 ego
672 2432 710 2495 fic
734 2430 956 2509 administrabo,
994 2435 1141 2519 Quirites,
1165 2449 1210 2511 ut,

107 2522 130 2583 fi
148 2523 214 2584 ullo
228 2522 321 2583 modo
340 2520 404 2584 sieri
418 2522 540 2607 poterit,
564 2542 604 2584 ne
623 2520 778 2604 improbus
794 2520 918 2603 quidem
935 2521 1093 2601 quisquam
1108 2521 1140 2581 in
1154 2521 1211 2584 hac

109 2609 186 2672 urbe
200 2630 326 2693 poenam
345 2608 389 2671 sui
404 2608 521 2672 sceleris
531 2606 662 2670 sufferat.
705 2606 768 2669 Sed
784 2607 803 2668 fi
827 2607 872 2668 vis
885 2606 1051 2669 manifestae
1066 2607 1210 2683 audaciae‚

107 2697 129 2758 st
145 2698 326 2781 impendens
348 2697 451 2780 patria:
467 2695 636 2779 periculum
647 2714 697 2755 me
712 2689 874 2757 necessario
897 2692 936 2755 de
956 2691 1013 2756 hac
1028 2694 1121 2756 animi
1135 2695 1210 2757 leni·

106 2798 170 2847 tate
196 2783 387 2863 deduxerint,
423 2785 498 2847 illud
527 2781 667 2866 profesto
690 2780 858 2865 perficiam,
892 2780 975 2861 quod
1003 2780 1035 2843 in
1060 2796 1144 2844 tanto
1175 2787 1252 2849 &35

107 2888 172 2935 tam
198 2872 336 2935 infidioso
358 2872 438 2934 bello
457 2871 506 2933 vix
535 2867 702 2955 optandum
730 2868 859 2942 videtur,
894 2881 929 2930 ut
956 2890 995 2931 ne
1021 2869 1089 2953 quis
1111 2868 1209 2934 bonui

107 2960 247 3035 intereat,
276 2980 503 3043 paucorumque
528 2954 621 3040 poeni
636 2978 690 3020 voa
707 2976 814 3019 omnes
835 2956 900 3040 jam
922 2954 993 3017 salvi
1010 2957 1067 3019 esse
1086 2956 1208 3041 possitis.

106 3048 192 3132 Quae
207 3047 332 3131 quidem
352 3068 409 3132 ego
427 3067 529 3130 neque
542 3051 609 3107 mei
625 3044 795 3128 prudentis,
810 3064 910 3126 neque
924 3044 1065 3106 humanis
1080 3046 1208 3109 consiliis
1235 3044 1243 3056 “
1319 3082 1332 3125 5

105 3134 205 3199 fretus
237 3134 382 3219 polliceor
410 3134 506 3210 vobis,
537 3132 688 3218 Quirites,
721 3131 773 3195 sed
803 3130 918 3207 multis,
952 3134 980 3195 u
1015 3152 1078 3195 non
1110 3132 1209 3197 dubiis
1290 3134 1295 3143 '

368 3307 591 3376 naccelerandis.
853 3325 869 3356 ⁰
885 3308 983 3393 mry'or.

139 3492 163 3535 8.
174 3486 252 3535 «ium
259 3484 336 3549 pern]
354 3488 375 3534 E
391 3484 493 3546 patricio
506 3498 594 3546 genere
611 3482 664 3547 qui-
696 3483 757 3541 itioe,
768 3482 808 3544 qui
829 3483 860 3530 nd
871 3482 1001 3531 Catilinam
1018 3483 1209 3545 proficiscuntur,
1221 3488 1253 3537 ed

104 3552 164 3599 dam
175 3550 251 3599 secuti
262 3558 317 3599 sunt
325 3550 462 3598 Catilinam.
496 3552 569 3597 Certe
579 3553 665 3596 multos
696 3554 799 3595 mortem
806 3548 892 3607 rapiat,

106 3622 121 3660 e
136 3610 289 3664 senatoribus
306 3614 428 3663 Sallustius
444 3614 561 3671 nominat,
581 3614 622 3674 qui
640 3613 665 3659 in
728 3616 769 3660 25.
783 3610 920 3670 Carenem]
939 3614 1055 3673 Ulpianus
1069 3614 1111 3671 ait,
1130 3630 1252 3666 carcerem

106 3680 270 3741 omrJurutione
278 3678 380 3727 fucum.
696 3676 840 3724 editicium
851 3677 922 3724 tuine
938 3692 986 3724 non
996 3676 1028 3723 ad
1037 3680 1173 3737 plectendos
1188 3681 1253 3729 cives

140 3748 165 3794 9.
184 3744 214 3792 2.
227 3742 356 3801 Marcum]
374 3745 398 3790 1·
406 3744 519 3790 Metellus
533 3744 604 3791 celer
611 3742 664 3800 risit,
697 3742 824 3801 improbos,
845 3742 886 3787 sed
911 3742 1084 3802 reprimendum
1109 3749 1190 3791 tumen
1212 3747 1251 3793 hic

104 3810 147 3857 eui
166 3824 192 3855 ee
206 3809 264 3855 dem
279 3808 353 3854 voluit
367 3808 392 3855 iu
406 3807 538 3855 untedium
550 3806 662 3863 Catilirm,
697 3806 782 3853 Cicero
792 3804 918 3852 manifeste
928 3806 1017 3853 indicat
1027 3806 1058 3853 ad
1071 3820 1111 3853 eos
1122 3809 1195 3855 etiam
1205 3824 1251 3870 pu.

107 3874 230 3934 sedquem
241 3871 380 3933 repediavit.
695 3870 794 3919 niendoe
804 3870 874 3917 uiue
885 3870 1026 3928 iustitium,
1038 3870 1111 3918 refert
1121 3878 1200 3919 nutem
1210 3874 1251 3919 Li-

145 3941 183 3985 16.
202 3933 510 3992 Natisuntrioes.]1nter
529 3934 663 3996 conjuratos
694 3934 804 3991 vinetis.
823 3938 844 3981 l.
856 3934 936 3982 modin
950 3934 974 3983 in
989 3936 1047 3983 urbe
1062 3934 1250 4010 foroimur'men-

106 4002 148 4051 atii
159 4006 230 4048 erant
240 4000 289 4047 nati
300 4000 373 4058 cives,
389 4001 428 4047 atii
435 4000 533 4047 civitate
542 4000 630 4047 donnti¹
671 3998 672 4002 ’
695 3998 832 4047 sentinae.

142 4070 182 4114 ts.
203 4062 322 4120 Latebat]
355 4064 491 4123 conjuratio
505 4065 604 4121 htebet,
622 4064 665 4111 ted
728 4066 768 4111 50.
791 4062 899 4126 Togata]
915 4065 982 4123 Toga
994 4062 1095 4112 Romani
1105 4064 1205 4124 inpure,
1225 4062 1250 4112 iu

108 4132 251 4180 tcicerone
264 4134 398 4189 spernent.
696 4126 758 4175 betto
768 4128 841 4189 sugit:
853 4128 1186 4190 oedumoemparconsne·
1197 4132 1249 4174 ute-

142 4198 182 4245 21.
195 4191 344 4253 tundant]
361 4195 444 4242 Nolim
457 4199 503 4253 eet,
523 4192 564 4255 qui
584 4193 609 4244 iu
625 4193 665 4242 tie
696 4191 789 4242 banorr.
