2825 4775
585 259 769 323 vtrn.
1213 236 1273 329 u*
1404 355 1405 366 .

99 390 274 479 iegiombus
289 390 448 459 ‚Romanis
467 390 619 477 patefecit,
645 393 697 475 qui
718 391 787 457 ant&
807 394 920 477 populo
944 394 1087 457 Romano
1107 417 1144 459 ex
1167 400 1250 461 omni

106 482 193 545 aditu
207 478 323 543 clausus
337 479 446 543 suerat.

359 654 511 719 ANNUS
532 654 665 719 URBIS
688 655 901 720 CONDITAE
923 662 996 719 682.

107 798 171 886 (ff
196 800 253 864 Cn.
268 796 383 883 Atfidio
400 798 501 887 Oreste,
517 800 555 860 P.
578 800 701 863 Cornelio
721 800 840 862 Lentulo
855 801 943 876 Suros,
965 812 1029 861 ante
1041 800 1180 887 Chrysam
1196 802 1247 864 70.

468 887 606 949 Ciceronis
622 888 775 973 trigeſsmus
786 900 888 949 sexsus.

145 998 217 1063 Hoc
233 1021 314 1063 anuo
328 999 441 1063 servite
449 1000 563 1064 bellum
576 1008 591 1065 ”a
603 1000 704 1065 Crasso
714 1001 846 1066 Praetore
855 1002 904 1066 sex
914 1002 1063 1065 mensibus
1072 1002 1248 1066 consessum

101 1084 158 1163 est,
170 1086 260 1170 eique
270 1088 455 1171 permissum,
466 1103 500 1151 ut
509 1110 600 1151 ovans
611 1091 718 1152 urbem
728 1090 943 1174 ingrederetur.
989 1090 1104 1153 Eodem
1113 1105 1249 1174 tempore

101 1188 140 1235 'ex
154 1174 340 1258 Hispaniam
355 1174 471 1238 Italiam
481 1176 644 1260 Pompeius
654 1178 819 1240 exercitum
830 1178 960 1250 reduxit,
971 1183 1001 1241 u
1012 1180 1145 1261 quinque
1156 1178 1249 1239 millia

102 1260 312 1345 fugitivorum,
322 1264 374 1346 qui
383 1264 487 1347 prrelio
498 1262 649 1349 fugerant,
664 1263 824 1325 interfecit.
867 1264 990 1325 Ultimo
1004 1264 1097 1349 hujus
1108 1265 1177 1325 anni
1189 1265 1248 1340 die,

102 1346 198 1431 pridie
213 1370 306 1432 quam
318 1350 506 1413 consulatum
520 1350 620 1428 iniret,
642 1351 744 1435 Eques
756 1351 915 1414 Romanus
929 1353 967 1414 de
978 1350 1123 1435 Hispania
1141 1366 1250 1435 practer

98 1456 219 1499 morem
229 1436 435 1522 triumphavit.

351 1612 510 1680 ANNUS
532 1614 663 1678 URBIS
686 1613 900 1677 CONDITAE
921 1620 994 1677 683.

173 1749 242 1837 Coffi
249 1749 301 1813 M.
312 1752 424 1815 Licinio
434 1754 538 1840 Cnfio,
551 1754 605 1817 Cn.
625 1754 751 1837 Porpeio
763 1755 885 1840 Magno,
900 1769 964 1817 onte
980 1754 1119 1841 Christum
1130 1762 1181 1819 6⁹.

450 1842 587 1904 Ciceronis
594 1843 888 1928 trigfimusstptimus.

7 2028 8 2035 ἵ
143 1952 324 2019 Defundius
339 1958 500 2044 Quaesturi
514 1958 633 2033 Cicero,
645 1960 889 2043 quinquennium
897 1957 961 2022 ferd
973 1961 1004 2021 in
1019 1960 1113 2021 causis
1124 1957 1254 2045 agendis

7 2046 8 2069 ¹
100 2042 231 2107 versatus
243 2044 287 2106 est
298 2044 414 2107 summi
424 2046 714 2123 cumadmiratione,
729 2047 779 2110 sed
788 2039 952 2132 praecipu'E,
962 2048 1044 2130 quod
1059 2042 1096 2107 ab
1108 2047 1154 2121 iis,
1170 2064 1246 2127 quos

7 2142 8 2167 l
55 2186 58 2191 .
100 2130 294 2207 defendebat,
307 2132 388 2195 nulla
400 2134 479 2197 dona
490 2132 663 2218 accipiebat.
686 2133 758 2197 Hoc
773 2157 853 2197 anno
873 2135 947 2196 dixit
962 2156 1017 2216 pto
1032 2133 1079 2193 M.
1093 2132 1198 2194 Tullio
1216 2136 1245 2195 δι

99 2216 136 2279 L.
145 2217 282 2280 Vareno.
295 2218 472 2283 Orationem
482 2236 641 2303 utramque
652 2222 685 2281 in
694 2223 796 2283 lucem
805 2222 925 2284 edidisse
937 2220 1116 2282 Ciceronem
1116 2220 1248 2365 guinti-

8 2316 9 2321 ’
99 2304 171 2367 liani
193 2310 222 2368 ἃ
239 2304 384 2367 Prisciani
398 2306 568 2369 testimonio
583 2322 700 2369 certum
715 2307 768 2369 est:
791 2323 821 2369 at
836 2322 960 2391 utraque
976 2307 1073 2390 periit.
1121 2326 1247 2369 <errem

102 2414 222 2477 quoque
233 2395 264 2456 in
272 2393 423 2479 judicium
434 2396 550 2458 vocavit
561 2395 592 2456 in
607 2396 732 2479 gratiam
741 2395 923 2458 Siculorum.
961 2395 1076 2458 Eodem
1088 2417 1167 2456 anno
1179 2394 1249 2455 tulit

40 2505 47 2522 ·
99 2483 198 2567 legem
228 2483 266 2544 ad
285 2481 436 2566 populum
454 2482 491 2544 L.
511 2483 654 2545 Aurelius
676 2482 768 2546 Cotta
783 2484 908 2559 Praetor,
933 2497 967 2544 ut
988 2481 1147 2544 Senatores
1176 2501 1247 2543 curn

8 2607 9 2614 .
99 2567 262 2653 Equitibus
275 2571 305 2632 ἃ
321 2568 466 2632 Tribunis
481 2570 590 2633 aerariis
597 2571 777 2657 judicarent.

355 2701 507 2808 Annus
529 2743 662 2807 unus
685 2739 904 2814 corsuna,
921 2749 994 2804 σε..

104 2891 175 2980 Coffi
200 2887 245 2976 Q.
268 2888 417 2976 Hortetfio,
451 2889 496 2976 Q.
529 2889 633 2951 Caecilio
651 2887 768 2951 Metello
795 2889 911 2966 Cretico,
936 2901 1000 2950 onte
1027 2889 1167 2976 Chnstum
1193 2897 1244 2951 68.

458 2978 595 3040 Ciceronis
607 2975 760 3061 trigqimus
769 2983 891 3039 ossovus.

143 3098 214 3162 Hoc
229 3120 310 3161 anno
326 3095 435 3170 AEdilis
444 3087 503 3158 suit
513 3094 632 3170 Cicero,
646 3093 760 3176 ipfique
771 3094 835 3156 ludi
849 3091 1019 3154 sandtissrmi
1035 3095 1162 3155 maxims
1174 3115 1245 3155 cum

100 3187 279 3250 caeremonii
290 3185 404 3261 Cereri,
419 3183 539 3260 Libero,
555 3181 732 3264 Liberaeque
746 3181 876 3244 faciendi
889 3177 1021 3242 fuirunt.
1038 3182 1138 3241 Multa
1151 3180 1246 3246 Siculi

101 3297 137 3336 ex
149 3273 244 3336 insul&
255 3273 306 3335 suri
321 3273 358 3333 ad
377 3292 448 3334 eum
467 3269 602 3332 AEdilem
619 3265 794 3344 attulerunt,
815 3289 943 3351 quorum
958 3269 1008 3329 ille
1020 3267 1094 3328 nihil
1105 3269 1142 3328 ad
1157 3265 1245 3332 suum

100 3360 250 3444 qualium
262 3358 402 3434 contulit,
414 3358 532 3420 tantum
541 3355 701 3418 hominum
711 3355 1079 3419 liberalitateadannonam
1089 3355 1245 3416 levandam

100 3448 169 3512 usus
185 3447 239 3510 est.
285 3446 432 3509 Lucullus
442 3445 691 3528 Tigranocertam
707 3444 812 3505 urbem
828 3466 865 3504 ex
880 3441 1156 3526 imperioTigranis
1166 3442 1245 3524 cepit

100 3531 210 3622 exigui
226 3556 332 3608 manu,
355 3555 465 3618 magno
475 3531 606 3594 hostium
617 3552 746 3592 numero
760 3529 927 3614 profligato
972 3529 1020 3593 M.
1042 3529 1157 3611 Pupius
1175 3527 1244 3590 Piso

100 3625 137 3687 de
155 3621 299 3705 Hispanis
317 3619 521 3704 triumphavit,
544 3617 651 3681 Cicero
675 3639 730 3700 pro
749 3617 875 3679 Fonteio
894 3616 983 3693 dixit,
1013 3615 1129 3678 sortasse
1154 3616 1243 3679 etiam

101 3733 154 3795 pro
165 3710 300 3775 Caecini:
322 3729 393 3771 nam
408 3723 527 3791 tempus
542 3707 690 3768 incertum
705 3705 757 3768 est.

355 3881 507 3946 ANNUS
529 3879 661 3944 URBIS
684 3879 897 3945 CONDITAE
919 3885 991 3942 685.

101 4033 170 4124 Coffi
200 4035 243 4097 L.
277 4031 383 4096 Caecilio
413 4031 540 4107 Metello,
574 4029 619 4116 Q
654 4030 770 4092 Martio
800 4029 887 4113 Rege,
917 4041 982 4090 unte
1014 4027 1154 4113 Chrssum
1191 4027 1242 4087 67.

467 4119 604 4181 Ciceronis
617 4117 770 4202 trigfimus
783 4140 877 4178 nonus.

140 4237 269 4308 Luculli
290 4238 455 4306 exercitum
475 4235 601 4302 Clodius
620 4233 786 4313 solicitavit,
806 4233 880 4297 dum
899 4229 1027 4297 Nifibim
1042 4225 1244 4314 oppugnabat,
