2825 4775
187 207 250 271 ms
513 197 564 263 Μ.
585 197 739 264 TULLII
760 195 994 264 CICERONIS

184 362 187 375 ¹
227 351 275 414 oe,
296 333 398 398 omnia
413 348 592 397 ornamenta
617 333 754 411 honoris,
768 348 968 397 monumenta
988 331 1102 418 glorier,
1126 331 1220 396 laudis
1237 331 1317 418 inlig-

191 421 198 434 “
228 427 290 500 nia,
312 421 402 486 condi
428 426 456 485 ἃ
479 422 620 485 collocari
633 425 723 498 volo:
746 421 821 484 nihil
848 442 898 485 me
922 435 1043 484 mutum
1060 421 1156 505 potest
1171 421 1310 483 delectare

228 512 305 577 nihil
332 510 472 586 tacitum,
507 510 584 572 nihil
616 510 750 594 denique
782 510 967 596 hujusmodi,
1005 510 1086 593 qdod
1112 509 1200 572 etiam
1229 509 1318 570 minus

229 599 314 685 digni
339 597 452 680 effequi
480 597 599 682 poismt.
644 595 797 662 Memoriri
830 595 938 674 vestri,
970 597 1119 683 Quirites,
1150 596 1254 659 nostrae
1279 615 1320 656 res
1378 607 1379 684 l

187 689 363 762 45slentur,
383 685 575 748 sermonibus
590 679 735 762 cresient,
784 686 955 748 ‘literarum
986 684 1193 749 monumentis
1221 683 1321 746 inrete·

230 773 347 838 ruscent
375 776 406 838 δι
436 771 724 838 corroborabuntur:
747 775 937 858 eandemque
963 773 1045 836 diem
1075 773 1221 856 intelligo,
1242 790 1322 853 quum

229 863 317 947 {pero
342 877 488 926 aeternam
515 855 606 938 fore,
633 865 663 925 δι
688 861 727 924 ad
755 862 882 925 salutem
916 860 1010 938 urbis,
1044 865 1073 924 δι
1100 861 1324 923 admemoriam

232 948 406 1015 consulatis
435 951 495 1013 mei
509 965 726 1035 propagatam:
748 970 872 1034 unoque
897 965 1035 1034 tempore
1059 949 1092 1011 in
1106 949 1164 1012 hac
1186 939 1324 1030 republici

218 1038 311 1116 duos
339 1037 420 1101 cives
449 1037 608 1126 exstitisse,
622 1057 755 1121 quorum
780 1039 855 1101 alter
884 1036 960 1101 fines
988 1035 1079 1100 vestri
1113 1035 1240 1120 imperii,
1273 1051 1326 1094 non

189 1131 337 1204 dotem,
359 1125 411 1188 sed
437 1125 509 1190 coeli
534 1125 710 1211 regionibus
735 1125 929 1188 terminaret:
962 1125 1037 1188 alter
1060 1123 1198 1210 ejusdem
1223 1117 1327 1204 imperii

234 1214 424 1279 domicilium
454 1211 619 1297 sedemque
652 1213 790 1296 servaret.
833 1213 896 1276 Sed
930 1213 1076 1297 quoniam
1106 1231 1212 1274 earum
1238 1227 1327 1271 rerum
1379 1221 1380 1230 ¹

235 1324 311 1386 quas
336 1323 394 1386 ego
420 1301 503 1386 gelli,
536 1321 598 1362 non
622 1299 666 1362 est
695 1303 803 1364 eadem
826 1300 949 1364 fortuna
976 1315 1067 1384 atque
1095 1299 1240 1373 conditio,
1271 1315 1328 1378 quc

235 1389 359 1453 illorum
384 1389 438 1471 qui
466 1401 590 1451 externa
613 1388 694 1449 bella
707 1389 876 1473 gefferunt:
910 1390 993 1472 quod
1019 1387 1095 1450 mihi
1121 1387 1279 1448 visendum
1302 1379 1329 1442 iit

193 1519 199 1530 -
237 1497 309 1539 cum
332 1475 403 1550 illis,
425 1495 502 1557 quos
524 1474 584 1537 vici
606 1496 641 1538 ac
666 1473 789 1560 subegi:
810 1475 859 1538 isti
873 1477 974 1540 hostes
998 1492 1050 1539 aut
1076 1474 1265 1547 interlectos,
1288 1481 1330 1531 aut
1379 1537 1381 1558 4

193 1559 394 1647 'lboppreffos
416 1563 627 1646 reliquerunt:
648 1561 781 1624 vestrum
807 1561 862 1639 est,
892 1564 1045 1648 Quirites,
1076 1563 1098 1624 fi
1123 1562 1241 1627 caeteris
1261 1557 1330 1620 rebla
1378 1567 1381 1634 l

238 1650 291 1714 sus
309 1649 392 1714 fana
403 1650 539 1734 prosunt,
554 1649 629 1712 mihi
644 1671 713 1712 mea
723 1671 762 1712 ne
776 1650 900 1734 quando
910 1651 1018 1727 obsint,
1031 1652 1207 1737 providere:
1231 1661 1333 1710 mentes
1378 1647 1381 1700 l

239 1740 322 1802 enim
350 1737 511 1800 hominum
535 1736 798 1800 audacissimorum
824 1737 972 1802 sceleratae
991 1759 1025 1800 ac
1052 1738 1179 1801 neforiae
1203 1759 1242 1799 ne
1262 1733 1333 1796 robis
1380 1743 1381 1746 ’

239 1826 350 1890 nocere
375 1825 502 1908 pulsent,
534 1846 594 1909 ego
631 1825 767 1909 providi:
799 1845 840 1886 ne
864 1824 941 1888 mihi
976 1839 1118 1900 noceant,
1140 1823 1276 1887 vestrum
1300 1817 1334 1882 eil
1381 1838 1382 1904 l

195 1907 977 2084 601³gogggllegrgmguutpoggiptm,ngffiugnplsniiue[p
980 1909 1334 2084 upiepgnllgfippail'isghlprgs

624 2044 634 2074 l
1313 2036 1336 2068 'i

240 2088 324 2172 quod
347 2087 424 2150 mihi
437 2089 469 2148 in
485 2101 668 2171 perpetuum
692 2103 902 2170 comparatum
926 2087 989 2149 est:
1011 2107 1122 2172 magna
1138 2086 1172 2147 in
1199 2079 1337 2172 republici

241 2174 384 2260 dignitas,
409 2195 478 2258 quse
494 2195 544 2237 me
569 2173 688 2259 semper
700 2175 791 2238 tacita
817 2175 981 2254 defendet3
1005 2195 1115 2260 magna
1142 2175 1190 2238 vis
1214 2175 1257 2238 est
1279 2193 1338 2236 con·

240 2262 385 2338 scientiae,
408 2283 500 2345 quam
514 2262 569 2344 qui
583 2263 749 2348 negligent,
772 2285 843 2326 cum
866 2283 919 2327 me
947 2263 1059 2326 violare
1099 2263 1221 2341 volent,
1244 2263 1272 2325 se
1294 2257 1337 2342 ipss

243 2350 431 2414 indicabunt.
484 2349 536 2413 Est
561 2350 653 2418 etiam
682 2351 715 2413 in
728 2349 819 2416 nobis
845 2350 871 2415 is
890 2351 1020 2429 enimus,
1046 2351 1206 2438 Quirites,
1233 2366 1341 2414 utnon
1382 2361 1383 2413 l

201 2438 340 2503 65modo
355 2439 468 2501 nullius
482 2439 616 2506 audaciae
630 2440 785 2516 cedamus,
819 2439 870 2502 sed
880 2440 972 2503 etiam
990 2462 1097 2503 omnes
1106 2440 1266 2525 improbos
1276 2440 1342 2500 ultro
1382 2450 1383 2459 ¹

242 2526 363 2612 semper
372 2527 555 2601 lacessamus.
602 2525 699 2611 Qubd
712 2526 732 2588 sr
747 2526 851 2604 omnis¹
868 2528 1000 2613 impetus
1025 2528 1266 2593 domesticorum
1296 2524 1343 2585 ho·

243 2614 337 2679 {tium
352 2615 523 2699 depulsuri
537 2612 622 2678 robis
635 2616 666 2677 se
677 2614 709 2677 in
725 2636 774 2678 me
790 2636 886 2678 unum
895 2617 1098 2693 converterit:
1114 2616 1272 2683 vobiserit
1286 2632 1345 2696 pro·

245 2703 424 2777 videndum,
448 2702 598 2786 Quirites,
621 2709 679 2786 qul
691 2703 865 2779 conditione
876 2704 999 2787 posthac
1021 2724 1074 2769 eos
1100 2704 1162 2767 else
1178 2704 1287 2777 velitis,
1301 2698 1346 2781 qui

203 2846 207 2853 .
245 2788 277 2850 le
293 2810 361 2872 pro
381 2788 476 2850 salute
496 2789 592 2851 vestri
607 2790 781 2853 obtulerint
810 2791 942 2869 invidiae,
975 2791 1183 2876 periculisque
1205 2788 1346 2855 omnibus.

135 2936 140 2946 ,
168 2940 175 2962 ⁴
203 2870 332 2937 70Mihi
342 2874 469 2957 quidem
489 2874 543 2961 ips:
564 2876 637 2957 quid
652 2876 695 2941 est
710 2878 793 2960 quod
815 2878 879 2963 jam
891 2880 929 2942 ad
943 2880 1013 2943 riter
1038 2879 1184 2943 studium
1206 2878 1291 2965 poffit
1307 2896 1348 2935 ac·

155 2993 158 3001 ·
186 2977 204 2996 ¹·
234 2960 518 3046 .quiri,praeserr'1m
540 2983 613 3039 cum
638 2986 738 3047 neque
764 2964 926 3029 inhonore
940 2966 1049 3043 vestro,
1079 2988 1188 3051 neque
1215 2962 1349 3051 inglorii

246 3048 367 3113 rirtutis
380 3049 548 3133 quidquam
562 3050 681 3115 rideam
702 3052 804 3128 altius,
825 3049 888 3137 qud
910 3054 1036 3139 quidem
1054 3054 1134 3117 mihi
1149 3057 1245 3119 libeat
1259 3054 1350 3115 ascen·

246 3134 342 3201 dere?
397 3136 478 3201 Illud
500 3135 656 3221 perficiam
678 3136 832 3223 profel‘ld,
854 3142 1003 3227 Quirites,
1025 3156 1060 3205 ut
1081 3164 1119 3206 ca
1135 3166 1209 3229 quae
1229 3139 1299 3229 gelli
1325 3138 1352 3198 in

248 3224 407 3290 consulatu
438 3226 572 3311 privatus
597 3240 692 3302 tuear,
716 3241 806 3310 atque
829 3249 959 3292 omem:
1003 3243 1048 3306 ut,
1072 3229 1160 3314 siqua
1182 3232 1229 3295 est
1250 3226 1352 3293 invidis

143 3376 147 3381 .
204 3309 286 3380 trin
318 3312 521 3378 conservandi
543 3312 698 3398 republica
725 3312 868 3401 suscepta,
891 3316 981 3379 laedat
1003 3316 1138 3395 invidos,
1162 3318 1243 3383 mihi
1264 3314 1353 3380 valeat

184 3390 192 3412 ⁴
251 3400 291 3462 ad
304 3401 441 3486 gloriam.
499 3400 645 3493 Denique
666 3402 709 3468 ita
723 3424 773 3471 me
793 3403 827 3467 in
849 3402 1030 3491 republicis
1045 3404 1211 3485 trabiab03
1235 3418 1270 3470 ut
1297 3422 1354 3467 me·

505 3582 525 3637 ἰ
541 3548 668 3665 bssoriis
908 3617 911 3623 ‚
929 3598 1068 3667 ugeram.

237 3752 278 3799 42.
288 3747 330 3798 Me
337 3752 443 3810 mutum.)
457 3754 571 3802 'restutur'
579 3756 682 3802 corebus
690 3756 764 3803 mut-is
795 3756 892 3817 invidis,
912 3772 986 3821 quem
995 3758 1112 3806 orbitate
1123 3758 1265 3822 conjuretis
1273 3756 1313 3820 qui
1323 3768 1356 3802 uu·

205 3814 762 3879 umdetecturt,quaresmntruurae;nectsci-
793 3828 913 3882 peoerant.

166 3939 171 3953 ι
203 3879 339 3940 linguate:
348 3881 533 3941 suuttriumphi.
828 3888 867 3933 62.
887 3885 1065 3947 Muguaoiuct
1080 3886 1254 3945 merendo.)
1288 3880 1360 3935 lunis

221 4004 225 4011 Ι
240 3938 450 4017 ⁴91Duorcioee.)
467 3948 498 3993 Se
512 3950 536 3993 ds
557 3947 697 4007 Pompeium
719 3962 761 3995 uo-
792 3951 927 3998 commuuio
937 3952 968 3997 de
976 3952 1130 4007 couscientia,
1139 3954 1203 4015 quio
1212 3956 1282 4002 nulle
1291 3948 1360 4009 major

206 4012 257 4057 ur:
276 4009 403 4069 Pompeius
419 4010 485 4069 euim
499 4010 583 4059 eudem
594 4012 645 4059 sere
654 4020 763 4073 tempore
794 4014 877 4063 visset.
1192 4056 1195 4063 .

205 4070 337 4135 piraticum
355 4073 444 4120 belbrm
460 4074 483 4119 sc
496 4074 687 4124 Mithridaticum
704 4091 763 4123 eou-
828 4082 868 4129 73.
891 4076 984 4133 Videam
1001 4078 1092 4137 altius.)
1127 4082 1222 4145 Populi
1247 4078 1361 4131 benesmu

205 4136 279 4249 turgt:
286 4137 420 4250 lgpgemvgro
430 4138 553 4187 sulutem
563 4140 681 4199 lucendio,
699 4140 764 4189 cicer
796 4144 884 4193 Coum!
893 4153 954 4202 erat,
972 4160 1021 4205 que
1031 4144 1150 4208 dignitate
1161 4152 1234 4197 nullu
1244 4148 1293 4197 ruit
1302 4146 1361 4193 illu·

148 4234 152 4240 .
205 4212 244 4249 38
261 4215 275 4248 θ
794 4208 889 4261 “ioth
984 4243 992 4263 o

241 4266 281 4317 56,
292 4264 764 4329 Maritimssoicnlolmclfflmui
898 4208 983 4275 Rem
