2825 4775
521 31 538 67 d·

352 238 527 307 onnam
547 240 646 315 eno,
659 240 774 308 mon
794 242 989 310 namma
1041 230 1043 233 ’
1198 211 1251 313 ss'

107 389 205 444 autem
218 377 374 441 neminem
389 378 530 455 nominos
545 396 638 462 quare
648 375 733 439 irasci
746 376 822 441 mibi
832 398 923 443 nemo
933 378 1054 464 poterit,
1069 378 1123 443 niti
1145 381 1201 465 qui

80 466 169 591 quote
181 466 221 528 de
236 465 267 529 se
286 466 414 529 voluerit
428 464 576 529 confiteri.
578 444 592 557 J
620 464 727 547 ltaque
740 480 863 551 propter
876 466 955 529 hanc
970 466 1121 530 arentiam
1136 467 1200 529 Im-

106 568 280 640 peratorum
295 568 423 637 quantas
431 555 625 628 calamitates,
640 572 837 637 quocumque
849 569 976 617 ventum
987 554 1032 631 fit,
1047 554 1138 617 nostri
1150 576 1203 618 ex·

105 642 215 706 ercinia
231 661 246 691 ¹¹
264 640 374 719 ferant,
403 641 472 725 quis
500 638 635 727 ignorat?
651 638 773 715 Itinera,
795 662 864 724 quae
878 663 933 727 per
952 642 1042 706 hosce
1056 662 1151 706 annos
1168 643 1201 704 in

105 728 200 807 Iulia,
210 748 265 814 per
280 750 366 814 agros
381 744 471 813 atque
484 728 596 815 oppida
614 726 726 791 civium
750 727 961 792 Romanorum
976 728 1069 793 nostri
1093 729 1247 813 Imm-100

108 815 382 895 ratores-feoemnt,
404 816 616 881 recordamini:
637 829 704 879 tum
727 812 847 880 facilius
860 815 1006 894 statuetis,
1035 816 1110 901 quid
1123 818 1204 901 apud

109 918 223 971 exteras
249 905 386 969 nationes
406 904 472 968 fieri
497 903 685 978 existimetisa
709 907 812 965 uuam
840 904 942 987 plures
952 903 1136 967 arbitramini
1150 926 1205 988 per

108 992 196 1056 boloe
211 1012 307 1055 annos
321 992 453 1055 militum
474 992 640 1056 uestrorum
648 990 741 1053 armis
747 988 1002 1068 hostiumurbeis,
1012 1013 1051 1054 an
1063 991 1197 1054 hibernis
1244 1040 1248 1045 .

109 1078 260 1143 sociorum
281 1078 416 1144 civitates
441 1080 499 1143 esse
524 1076 655 1143 deletas?
670 1079 868 1159 nequeenim
878 1078 976 1163 potest
991 1079 1156 1148 exercitum
1170 1078 1197 1141 is

108 1168 264 1231 continere
278 1164 457 1251 imperator,
478 1167 531 1251 qui
552 1166 584 1230 se
604 1164 703 1251 ipsum
717 1166 938 1230 noncontinet:
965 1188 1065 1249 neque
1079 1165 1249 1229 severusms

110 1254 166 1319 effe
185 1255 219 1317 in
239 1255 417 1341 judicando,
446 1254 500 1338 qui
528 1254 602 1317 alios
617 1252 649 1315 in
668 1251 698 1315 se
715 1251 832 1315 severos
845 1254 903 1316 effe
914 1254 1032 1340 judices
1045 1275 1109 1318 non
1121 1252 1197 1317 vult.

107 1340 168 1406 llic
183 1342 341 1420 miramur,
366 1344 449 1406 hunc
463 1342 620 1405 hominem
639 1354 760 1403 tantum
769 1342 917 1405 excellere
924 1342 1049 1418 ceteris,
1059 1344 1147 1429 cujus
1155 1342 1199 1403 le·

106 1430 210 1516 gionm
219 1429 264 1493 'fic
279 1429 311 1492 in
322 1430 426 1493 Aliam
439 1440 653 1516 pervenerunt,
667 1442 705 1490 ut·
716 1448 779 1490 non
788 1426 884 1492 modo
898 1448 1006 1493 manus
1020 1430 1097 1492 tanti
1113 1449 1185 1492 exer

102 1515 192 1594 ciliis,
218 1517 270 1581 sed
297 1538 337 1581 ne
346 1518 506 1603 vestigium
517 1517 641 1600 quidem
650 1515 794 1599 cuiquam
802 1531 908 1600 pacato
922 1516 1052 1581 nocuiffe
1061 1514 1196 1580 dicatur?

111 1604 178 1670 lam
188 1602 263 1668 verb
272 1606 532 1689 quemadmodum
542 1604 653 1668 milites
666 1602 837 1679 hibernent,
849 1606 983 1687 quotidie
997 1605 1149 1668 sermones
1163 1623 1250 1672 aens

112 1692 205 1757 literae
235 1692 532 1777 perferuntursnon
557 1690 710 1755 modb'ut
739 1689 893 1773 sumptum
917 1692 1009 1755 faciat
1022 1694 1054 1754 in
1067 1692 1207 1773 militem,

113 1780 228 1843 nemini
246 1780 293 1843 ris
307 1781 444 1858 affertur3
459 1780 522 1843 *sed
532 1800 571 1843 ne
590 1778 726 1863 cupienti
750 1781 873 1863 quidem
896 1780 1039 1863 cuiquam
1053 1781 1203 1864 permitti-

113 1880 176 1945 tur3
200 1867 311 1933 iriensis
327 1868 421 1945 enim,
451 1888 514 1932 non
539 1866 668 1931 avaritiae
693 1867 868 1951 perfugium
894 1867 1029 1953 Majores
1050 1868 1142 1930 nostri
1167 1869 1201 1932 in
1255 1883 1303 2017 t*

113 1954 262 2019 sociorum
271 1968 364 2039 atque
374 1956 540 2019 amicorum
550 1954 641 2019 teffla
655 1954 713 2016 effe
726 1955 896 2019 voluerunt.
956 1957 1026 2039 Age
1041 1952 1127 2032 verb,
1141 1976 1200 2021 cae-

112 2042 185 2105 teris
211 2044 243 2106 in
267 2044 365 2107 rebus·
388 2044 484 2127 qualis
513 2043 549 2105 fit
567 2041 775 2127 temperantia,
797 2042 993 2118 confidente,
1024 2043 1105 2105 unde
1118 2044 1252 2107 illsmlls

108 2142 224 2195 tantam
239 2131 434 2208 celeritatem,
466 2134 495 2195 &
511 2144 573 2194 tam
587 2127 796 2193 incredibilem
809 2128 929 2193 cursum
942 2130 1054 2193 initum
1070 2130 1201 2214 putatis?

113 2220 275 2283 nonenim
298 2218 385 2283 illum
412 2218 521 2281 eximia
542 2219 587 2281 vis
614 2217 777 2303 remigum,
790 2230 843 2296 aut
857 2218 1046 2281 arsinaudita
1059 2219 1200 2301 quaedam

111 2306 314 2394 gubernandi,
340 2319 395 2369 aut
423 2305 506 2369 venti
527 2305 620 2390 aliqui
644 2304 715 2369 novi
727 2318 791 2367 tam
805 2306 941 2369 celeriter
954 2304 987 2368 in
1000 2304 1122 2368 ultimas
1136 2318 1198 2369 ter·
1248 2360 1252 2365 .

110 2415 158 2458 ras
173 2395 379 2480 pertulerunt3
395 2393 446 2458 sed
460 2393 574 2470 baeres,
589 2416 657 2478 qnae
669 2406 794 2458 caeteros
803 2394 947 2456 minorari
959 2394 1066 2467 solent,
1080 2415 1143 2455 nou
1155 2415 1204 2456 re-

108 2483 279 2546 tardarunt:
302 2503 365 2546 non
379 2482 499 2545 avaritia
513 2480 551 2542 ab
562 2481 698 2546 instituto
711 2480 801 2544 cursu
814 2481 855 2544 ad
867 2483 1000 2565 predam
1014 2479 1145 2560 aliquam
1154 2491 1255 2543 re-lau

108 2569 238 2647 vomuit,
260 2592 324 2633 non
348 2567 442 2633 libido
456 2568 493 2632 ad
503 2568 700 2652 voluptatem,
729 2588 793 2633 non
801 2566 960 2629 amoenitas
974 2567 1012 2630 ad
1026 2567 1201 2630 deletiatio-

110 2679 196 2737 nem,
206 2679 271 2722 non
279 2657 419 2722 nobilitas
430 2655 513 2722 urbis
520 2657 558 2719 ad
566 2653 783 2740 cognitionem,
793 2674 856 2716 non
864 2653 997 2738 denique
1004 2653 1202 2741 laboripsead

607 2849 623 2881 ¹²
640 2828 763 2920 fferam

144 3016 185 3064 99.
203 3013 252 3063 Per
269 3011 333 3060 barre
347 3007 439 3068 annon]
462 3011 568 3072 Tempus
580 3009 669 3070 signid-
700 3007 740 3065 eit,
756 3009 946 3071 nonmodoquis
955 3009 1045 3057 nemini
1056 3008 1137 3058 nomrit
1148 3025 1258 3059 smara-

111 3085 163 3136 oet,
179 3093 227 3140 quo
242 3077 308 3126 ducti
325 3075 509 3124 mntexercitus
526 3081 609 3122 contro
620 3075 670 3122 Mi·
701 3073 765 3130 ritim
781 3076 823 3122 sed
833 3087 864 3121 ne
873 3087 959 3122 nocere
969 3074 1064 3136 quidem
1073 3078 1111 3122 vel
1122 3075 1260 3124 levitermis

110 3143 252 3202 tiridatem,
268 3143 370 3198 Pilutus,
390 3140 528 3199 Sertorium,
539 3140 562 3186 dc
573 3141 670 3204 Sparta.
702 3139 818 3200 permisit.

110 3221 178 3256 eum.
666 3221 667 3224 ¹
738 3203 792 3250 114.
810 3203 864 3264 Age
875 3199 949 3260 πατὰ]
966 3203 1038 3250 Nunc
1055 3203 1086 3251 de
1100 3205 1260 3263 temperantia

147 3268 600 3328 rus.112'semts.]ffibemadicunsur
612 3272 673 3328 bea,
705 3267 829 3328 Pompeii3
850 3272 887 3313 est
901 3273 982 3316 autem
1002 3267 1161 3328 temp-rantis
1177 3268 1260 3328 virtius,

113 3339 155 3386 nbi
164 3354 210 3400 per
217 3337 322 3386 hiemem
333 3334 453 3383 exereitus
460 3341 567 3382 manent.

147 3407 204 3454 108.
223 3401 311 3450 Manus
325 3396 523 3456 sentiens-ciem]
540 3400 578 3447 lta
589 3413 672 3460 perse·
704 3395 733 3453 ti,
755 3395 779 3442 s
795 3394 847 3443 aliis
870 3394 949 3456 parvis
965 3394 1130 3443 affectionibru
1151 3395 1260 3444 domina·

112 3477 203 3518 nomint
218 3469 243 3517 in
255 3467 337 3514 Asiam
345 3466 447 3526 legiones
457 3463 574 3523 Pompeii,
589 3471 673 3512 utnon
704 3463 751 3509 bar.

112 3535 188 3582 modo
206 3532 265 3581 nibil
282 3531 405 3593 rapuerint
421 3545 465 3590 per
478 3525 556 3587 viam;
584 3529 625 3575 sed
642 3541 674 3576 os
739 3527 794 3573 119.
807 3521 929 3572 demorari
937 3521 1030 3580 solent]
1052 3523 1160 3572 Avaritia
1174 3526 1261 3574 lma.
1310 3528 1312 3539 ¹

113 3597 309 3660 pedemquidem
317 3595 415 3644 tulerint
425 3595 487 3656 apud
495 3603 551 3638 cum
559 3592 676 3654 quibostis
706 3590 758 3637 lum
775 3593 790 3635 t
810 3587 972 3650 persequendo
993 3588 1133 3636 Mithridate
1155 3590 1261 3637 tetardo.

112 3669 242 3712 menet.
707 3653 750 3700 vit.

152 3731 207 3777 111.
235 3727 269 3775 Ut
286 3731 397 3788 nimplum
407 3720 505 3783 surina]
527 3721 624 3769 Nemini
641 3720 677 3768 vis
743 3721 797 3768 121.
817 3717 869 3767 Non
879 3713 968 3774 libido]
990 3717 1024 3764 Ea
1035 3717 1182 3765 continentis
1192 3717 1262 3766 fuisse

113 3791 368 3852 inienurutmmptus
376 3787 602 3849 dantergamilites,
621 3785 676 3832 rub·
709 3784 851 3846 Pompeium
865 3788 948 3830 nanas
965 3784 1115 3838 Plutarchus,
1141 3786 1170 3826 ut
1186 3784 1263 3842 captis

112 3857 284 3914 ministrando,
301 3871 324 3902 v.
336 3869 359 3914 g.
370 3859 456 3910 vestes,
478 3851 615 3914 pecuniam,
627 3850 672 3897 dcc.
707 3849 854 3896 Mithridatis
869 3844 993 3908 pellicibus
1002 3861 1085 3894 omnes
1092 3847 1208 3893 salvasud
1218 3861 1263 3907 pa-

111 3922 163 3970 Sed
180 3921 347 3983 nepermittur
360 3918 465 3978 quidem,
478 3924 506 3978 ¹ut
516 3930 555 3962 eos
567 3919 675 3976 sumptus
706 3920 786 3959 rentes
796 3912 919 3960 remiserit.

115 3989 156 4032 rel
167 3985 211 4046 ipsi
220 3985 303 4034 Asiani
315 3987 398 4044 sponte
406 3982 504 4030 saciant.
742 3981 796 4026 las.
822 3975 938 4025 Nobiliter
961 3973 1045 4032 urbis]
1078 3975 1140 4021 Cam
1158 3973 1264 4045 solvisset

154 4043 676 4108 tis.s10joresnoesri.]censuenmtmoios
708 4041 850 4099 andusio,
884 4043 971 4088 multas
996 4040 1067 4086 urbes
1091 4039 1264 4098 perichernmns

112 4114 259 4164 inbibemis
273 4113 521 4172 nonesaegravandos
535 4109 675 4169 sumptibus.
709 4108 869 4166 praetermisit,
897 4110 992 4152 tuntnm
1017 4104 1124 4150 Athenas
1148 4101 1262 4162 lustravit,

116 4179 268 4240 ltaqueoum
280 4176 415 4225 innocentia
425 4175 544 4230 virtiusit,
554 4187 607 4234 quar
619 4173 675 4220 nulli
709 4170 749 4217 nbi
765 4186 833 4220 sacra
845 4168 912 4225 fecit,
931 4168 1012 4216 habiit
1028 4166 1134 4215 oratione
1145 4164 1175 4210 ad
1189 4178 1264 4224 popu-

113 4237 674 4304 noaetcmigerefuciteticet,quanta1³ompeii
707 4235 764 4284 lum.
