2825 4775
168 298 207 359 ιι
450 370 454 379 Ι
486 290 533 353 M.
577 288 729 355 Tuum
750 276 1009 365 ctceuours·

164 445 167 451 ’
208 444 270 485 non
286 421 396 495 audiet,
410 421 493 505 quod
510 418 583 485 etim
596 420 736 497 faciebat,
753 420 1011 504 quemadmodum
1025 416 1203 488 defensurus
1216 414 1303 491 effer„

208 531 269 572 non
299 507 474 591 reperiebat.
518 508 623 592 Atque
647 530 705 593 ego
725 504 912 591 haec,bquae
929 507 962 569 in
973 506 1073 569 medio
1101 505 1195 589 postte
1221 506 1300 579 sunt,

208 616 422 660 commemoro.
465 594 545 658 Sunt
559 596 616 658 alia
640 595 736 681 magia
756 594 875 659 occulta
889 595 981 670 fmta,
996 615 1065 676 quae
1079 592 1141 668 ille,
1156 608 1191 656 ut
1205 592 1301 667 illiue,

165 683 312 759 ederedo,
335 683 452 746 animoa
476 698 566 765 atque
590 682 721 767 impetus
737 682 1006 761 retardaret,.qum
1021 679 1168 765 quaestore
1180 680 1235 743 suo
1248 678 1303 743 be-

206 769 372 855 nigniffime
397 770 640 834 communicavit.
684 770 763 851 Haec
776 783 812 833 tu
825 768 881 831 scie
895 770 934 831 ad
947 790 997 831 me
1006 769 1066 836 elle
1076 769 1186 831 delata:
1196 788 1268 851 quae
1283 765 1302 828 li

205 858 296 919 velim
319 856 463 941 proferre,
485 856 572 921 facile
591 878 697 921 ornnes
719 857 899 945 intelligent,
908 856 994 919 vobit
1003 857 1082 919 inter
1095 876 1149 918 roa
1159 876 1221 917 non
1236 874 1304 916 mo-

206 944 246 1006 do
261 946 447 1007 voluntatem
461 945 547 1007 fuisse
558 945 766 1031 conjuretarn,
789 944 841 1009 sed
854 964 894 1020 rte
911 944 1045 1029 praedam
1060 943 1184 1026 quidem
1203 942 1304 1008 adbuc

207 1032 264 1095 else
278 1032 411 1095 divisam.
457 1034 651 1119 Quapropter
665 1032 685 1095 fi
700 1033 756 1095 tibi
766 1031 916 1118 judicium
930 1031 1063 1117 postulas
1074 1030 1151 1106 dari,
1161 1031 1246 1112 quod
1260 1044 1306 1092 te·

163 1126 279 1183 flocum
310 1119 371 1183 uni
396 1118 515 1197 fecerit,
545 1114 690 1197 concedo,
709 1120 772 1183 frid
791 1122 858 1205 lege
872 1119 1067 1204 permittitur:
1092 1116 1134 1179 fin
1152 1131 1255 1181 autem
1267 1118 1306 1179 de

207 1207 393 1271 accusatione
413 1208 557 1284 dicimus,
587 1208 734 1271 concedas
755 1220 875 1291 oportet
897 1208 945 1283 iia,
959 1206 1013 1291 qui
1027 1206 1111 1267 nullo
1119 1205 1173 1266 suo
1181 1218 1308 1289 peccato

207 1296 425 1381 impediuntur,
460 1318 521 1378 quo
544 1293 648 1359 minits
670 1296 791 1359 alteriue
815 1290 1165 1379 peccatademonftrare
1185 1291 1305 1375 pollent.

209 1384 347 1459 Accide,
381 1399 529 1464 quantum
552 1380 770 1445 interfuturum
792 1382 826 1446 srt
835 1386 914 1445 inter
924 1402 1024 1445 meam
1038 1393 1129 1462 atque
1139 1400 1210 1442 uam
1221 1398 1311 1441 accu-

206 1469 362 1533 sationem.
407 1468 484 1551 Ego,
499 1468 589 1531 etiam
604 1490 687 1553 vquae
710 1486 745 1531 tu
759 1468 819 1532 stne
840 1469 939 1532 Verre
953 1467 1136 1543 commisisti,
1147 1466 1238 1539 Verri
1248 1466 1307 1528 cri·

166 1556 286 1621 S5mini
316 1556 439 1617 daturus
465 1554 541 1630 sum,
565 1558 647 1639 quod
664 1570 694 1617 te
708 1570 772 1618 non
785 1556 983 1638 prohibuerit,
997 1555 1071 1619 cum
1084 1555 1232 1618 summam
1244 1552 1306 1637 ipse

208 1642 331 1705 haberet
356 1638 546 1726 potestatem:
569 1656 603 1703 tu
627 1639 742 1718 contra
756 1664 796 1705 ne
811 1664 880 1724 quae
893 1644 944 1705 ille
953 1644 1077 1725 quidem
1092 1642 1166 1705 feeit
1173 1642 1309 1726 objicies,

207 1752 247 1793 ne
263 1727 323 1813 qui
337 1750 374 1791 ex
383 1742 466 1813 parte
475 1729 658 1815 conjunflus
672 1750 744 1793 cum
755 1750 792 1791 eo
806 1730 964 1812 reperiare.
1009 1729 1096 1814 Quid
1111 1730 1171 1803 illa,
1183 1726 1314 1799 Caecili?¹

208 1818 483 1881 contemnenda-ne
504 1817 558 1879 tibi
587 1816 728 1879 videntur
752 1814 820 1891 esse,
850 1814 910 1877 line
924 1814 1035 1898 quibua
1048 1814 1135 1877 causa
1157 1812 1310 1889 sustineri,

208 1904 371 1995 praesertim
386 1918 479 1978 tanta,
503 1904 586 1966 nullo
612 1904 704 1965 modo
724 1901 839 1986 potest?
864 1902 963 1985 aliqua
976 1899 1104 1979 facultas
1123 1900 1312 1984 agendi,ali-

166 2001 270 2077 40qua
295 1991 414 2053 dicendi
443 1988 639 2067 consuetudo,
665 1992 765 2075 aliqua
791 1989 910 2067 inforo,
925 1985 1313 2074 judiciiqlegibttqautra·

208 2078 263 2153 tio,
278 2092 330 2141 aut
339 2076 528 2141 exercitatio?

255 2164 295 2227 X.
320 2164 460 2249 intelligo
483 2160 581 2249 ‘quam
613 2192 627 2223 c
653 2164 820 2251 scopuloso,
842 2162 1018 2247 difficilique
1041 2163 1074 2226 in
1102 2163 1171 2225 loco
1194 2158 1316 2225 versere

209 2273 280 2314 nam
299 2255 367 2315 cum
390 2252 489 2319 omnis
513 2252 680 2339 arrogantia
695 2253 804 2334 ¹odiosa
833 2251 888 2330 etr,
911 2268 978 2315 tum
1006 2252 1058 2313 illa
1080 2246 1205 2335 ingenii,
1217 2261 1312 2331 atque

209 2340 390 2423 eloquentie
409 2338 508 2404 multi>
535 2340 745 2404 molestissima.
790 2339 999 2427 Quamobrem
1018 2338 1094 2401 nibil
1108 2338 1182 2400 dico
1192 2338 1231 2400 de
1242 2356 1315 2400 meo

210 2427 344 2512 ingenio,
370 2450 469 2512 neque
495 2429 632 2514 estquod
656 2427 763 2512 polfrm
791 2429 902 2505 dicere,
923 2424 1057 2510 'nequest
1072 2426 1154 2501 effer,
1166 2425 1312 2488 dicerem:

171 2525 189 2580 5
213 2531 265 2578 aut
279 2515 361 2577 enim
376 2515 407 2578 id
418 2515 492 2578 milti
503 2515 571 2580 satis
580 2515 635 2592 est,
646 2517 730 2600 quod
740 2515 783 2578 est
798 2517 837 2578 de
848 2537 898 2578 me
908 2513 1072 2598 opinionis,
1086 2513 1237 2596 quidquid
1250 2511 1313 2588 est,

213 2620 265 2666 aut
294 2601 314 2664 st
338 2603 369 2666 id
395 2624 502 2685 parum
531 2603 585 2680 est,
609 2625 666 2738 epo
679 2605 779 2690 majus
803 2603 836 2664 id
846 2601 1112 2691 commemqrando
1136 2600 1236 2662 facere
1250 2620 1314 2662 non

212 2691 338 2778 possum.
383 2691 433 2754 De
453 2706 495 2766 te,
521 2689 639 2754 Caecili.
668 2693 733 2776 jam
751 2689 935 2773 mehercule,
952 2689 1013 2752 hoc
1037 2702 1121 2766 extra
1141 2687 1224 2751 hanc
1237 2707 1314 2750 con·

211 2779 390 2852 tentionem,
405 2794 618 2862 certamenque
633 2777 769 2840 nostrum
782 2776 970 2860 familiariter
983 2776 1215 2859 tecmnloquat.
1260 2773 1313 2837 Tu

212 2863 309 2946 ipsum
332 2864 590 2944 quemadmodum
604 2859 846 2949 existimea,virle
860 2865 951 2926 etiam
981 2878 1072 2944 atque
1091 2863 1196 2936 etiam,
1224 2863 1255 2926 ἃ
1275 2876 1313 2932 tu

173 2957 245 3014 10te
270 2949 390 3034 collige,
418 2953 447 3013 dr
468 2951 522 3035 qui
547 2949 595 3027 fis,
612 2953 729 3033 &quid
748 2953 847 3014 facere
861 2949 950 3035 possut
961 2949 1122 3012 considera.
1166 2947 1312 3012 Putas-ne

213 3053 242 3098 te
264 3037 345 3122 polle
367 3037 404 3098 de
424 3037 574 3114 maximia,
600 3036 848 3120 acerbiffimisque
871 3037 972 3114 rebus,
997 3032 1070 3098 citm
1099 3035 1219 3100 causam
1229 3035 1313 3100 soci-

211 3145 299 3186 orum
319 3122 514 3206 fortunasque
537 3125 709 3208 provincie,
730 3126 781 3209 jue
806 3124 911 3210 populi
940 3124 1034 3187 Rom.
1058 3123 1236 3224 gravitatem
1262 3126 1314 3211 ju·

211 3211 283 3274 dicii
302 3211 467 3294 legumque
503 3209 675 3296 susceperis,
690 3225 754 3276 ·tot
780 3232 845 3286 res,
884 3224 947 3273 tarn
973 3231 1099 3295 gravere,
1120 3225 1184 3274 tam
1203 3212 1312 3290 variar,

212 3321 297 3374 voce,
313 3297 469 3374 memorii,
498 3295 638 3376 concilio,
662 3299 796 3386 ingenio,
821 3295 983 3361 sustinere?
1008 3295 1155 3360 Putas-ne
1176 3311 1207 3359 te
1219 3299 1312 3383 posse,

171 3391 285 3468 15quae
311 3383 347 3448 C.
374 3385 531 3450 Verres-in
548 3384 709 3471 questuri,
732 3386 843 3469 quaein
870 3385 1030 3470 legatione,
1045 3405 1115 3468 quae
1129 3384 1312 3468 inpetus,

207 3496 282 3554 quae
316 3471 437 3550 Romae,
471 3494 540 3558 quae
570 3475 603 3536 in
624 3471 720 3550 Italiit,
749 3474 871 3557 qnae-in
899 3467 1027 3549 Achaiai,
1056 3471 1140 3548 Asta,
1162 3472 1316 3560 Pamphy.

212 3557 313 3642 itique
335 3560 469 3644 patrftrit,
498 3582 534 3623 ea
562 3562 820 3646 quemadmodum
844 3560 918 3624 locis
946 3559 1193 3644 temporibusque
1223 3561 1315 3626 divisa

458 3654 750 3755 bquaeomn'essciwn.
770 3762 772 3765 Ι
845 3669 1019 3756 cperr'cnquo.

193 3827 237 3874 25.
258 3823 423 3886 Beniguirrime'
437 3823 627 3884 conterritum]
645 3829 721 3876 ceei-
787 3832 825 3880 15.
839 3829 870 3876 fn
883 3824 1018 3890 questuri]
1036 3833 1144 3881 Quaestor
1168 3829 1215 3877 suit
1231 3831 1317 3878 Verres

163 3889 222 3937 lium
240 3889 262 3934 de
279 3891 378 3935 Verrem
393 3889 514 3938 stmuceae
529 3890 645 3950 designat,
656 3893 722 3956 queri
755 3893 903 3943 Carbonisin
910 3893 1032 3954 provincis
1043 3895 1177 3944 Consulari.

152 3958 215 4006 ¹tuta
223 3953 268 3999 istu
276 3955 400 4002 Qareeurra
412 3954 443 3999 ad
451 3956 590 4002 societatem
598 3953 723 4014 firmorum,
789 3959 825 4005 lb.
838 3958 1011 4020 [relegatione]
1034 3959 1100 4006 Idem
1112 3962 1206 4021 legator
1214 3958 1260 4007 urit
1271 3961 1315 4008 Cn.

163 4031 211 4063 non
221 4017 251 4062 ad
259 4017 436 4064 acutrsutionem
443 4021 540 4066 voleret.
648 4021 652 4030 '
757 4024 889 4070 Dolabellae
900 4021 999 4070 inrisit.

198 4084 219 4128 1.
237 4079 375 4140 Scopulum]
394 4083 535 4142 Memphora
546 4089 641 4146 sumptu
657 4091 721 4133 tna·
789 4083 1311 4142 re.2u‹rrt0m.]rraet0ruuanus1tomae.

163 4145 305 4206 vigentinus,
317 4151 373 4192 cum
385 4146 533 4207 naufragium
545 4149 639 4198 timent.
786 4153 822 4199 lb.
832 4150 861 4198 fn
872 4147 963 4210 fraud]
973 4151 1218 4200 Praeutremexemuit
1227 4153 1316 4200 Verre·

197 4215 220 4258 9.
245 4208 282 4258 Tu
299 4208 430 4271 recorrige]
450 4211 476 4257 ld
486 4219 530 4269 eat,
546 4214 611 4260 udte
623 4215 681 4272 redi,
700 4217 723 4262 te
756 4216 781 4264 in
790 4213 994 4263 tutiauttomae.

164 4275 280 4334 tanquam
298 4273 430 4334 dirperuun
451 4275 558 4324 animum
576 4291 669 4338 revoca,
695 4287 725 4326 ut
789 4277 899 4327 thierri
918 4267 1017 4328 Aestii.
1040 4278 1099 4337 ete]
1131 4280 1179 4330 Ubi
1194 4279 1312 4343 legatione

163 4337 253 4387 rectius
260 4340 356 4398 cogites,
370 4339 392 4384 lt
401 4339 483 4386 furnus
491 4354 555 4402 agas.
755 4343 851 4396 functus
861 4347 905 4396 est,
