2825 4775
155 238 219 309 „s
491 225 714 295 uuuuu
735 222 967 290 demotus

405 392 559 458 Annus
580 387 715 456 umus
737 388 954 465 connum
978 406 1053 470 700,

156 542 221 631 con
246 542 297 603 cn.
318 535 443 601 nonu
468 536 594 610 cuum,
620 533 673 621 or„
700 532 811 597 raom
828 536 965 624 uffan,
995 552 1061 603 am
1085 532 1224 622 canon
1248 534 1300 593 n.

462 624 597 687 Ciceronis
610 622 848 722 qro'nqugpsms
864 640 995 715 quartur.

198 739 272 804 Hoc
281 758 360 802 anno
369 736 479 802 Cicero
489 735 625 821 Augurs
674 757 710 799 us
719 735 774 811 est,
786 738 984 819 quemdtoto
994 737 1123 825 collegio
1132 730 1303 821 expetitum

155 822 217 893 Cn.
229 827 404 912 Pompeius,
419 830 447 889 δι
462 824 504 911 Q.
521 824 640 887 Horten
653 844 702 887 rus¹
714 824 920 892 nominarunt

405 972 561 1035 ANNUS
582 971 716 1037 URBIS
739 971 955 1037 CONDITAE
976 974 1052 1037 701.

156 1090 225 1179 Cqffl
239 1094 293 1158 Cn.
310 1090 437 1173 Pompeio
451 1087 676 1191 magnontertirlm
683 1089 749 1177 stne
764 1090 877 1177 collegi,
897 1105 962 1155 ante
979 1087 1122 1177 Christum
1135 1089 1188 1148 51.
1224 1083 1303 1147 Cice-

502 1201 577 1240 roms
587 1176 825 1264 quinquogestmus
831 1182 956 1265 quintus.

200 1279 280 1343 Clam
303 1277 447 1364 ¹Clodium
462 1280 542 1343 Milo
565 1281 768 1360 interfecisset,
790 1272 956 1369 postuld‘us
977 1288 1008 1349 in
1023 1281 1186 1373 judicium,
1208 1280 1303 1345 isolo

155 1366 304 1433 Cicerone
317 1367 459 1429 defensus
474 1367 530 1428 est:
553 1382 583 1427 at
598 1367 670 1429 cum
684 1369 784 1435 dicere
799 1372 956 1461 inciperet,
966 1375 1020 1437 ita
1035 1370 1215 1457 importunis
1230 1368 1304 1433 Clo·

155 1456 315 1517 dianetum
330 1452 510 1517 clamoribus
526 1468 670 1538 exceptus
683 1457 741 1532 est,
774 1474 808 1521 ut
823 1468 857 1522 el
872 1470 932 1545 quel
942 1462 1047 1527 solitus
1061 1475 1126 1524 erat
1139 1456 1305 1523 coustantii

155 1562 219 1603 non
244 1540 364 1603 dixerit:
386 1562 477 1623 quare
503 1562 570 1601 eam
594 1562 685 1624 quem
705 1542 853 1610 habemus
876 1551 1045 1614 orationem
1068 1550 1177 1613 Cicero
1199 1542 1305 1630 poste}

155 1627 268 1713 scripfit
278 1627 350 1691 cum
360 1628 438 1689 Milo
448 1626 585 1692 Maffiliae
597 1628 678 1705 esset,
693 1628 769 1714 quo,
782 1631 881 1695 statim
895 1634 961 1719 post
969 1638 1132 1721 judicium,
1146 1632 1306 1719 proteum

155 1716 256 1779 suerat
266 1718 296 1779 in
308 1715 442 1779 exilium.
478 1716 525 1777 M.
540 1716 693 1793 Saufeius,
709 1718 858 1784 Cicerone
869 1722 1063 1795 defendente,
1075 1720 1227 1782 absolutus
1242 1719 1304 1798 est,

158 1806 189 1867 ἃ
212 1802 283 1867 Sex.
307 1803 433 1868 Clodius
451 1801 569 1866 summo
595 1806 734 1869 omnium
750 1807 895 1873 consensu
920 1810 1091 1873 damnatus.
1135 1804 1207 1869 Hoc
1222 1825 1304 1867 anno
1392 1862 1393 1885 ,

156 1891 282 1977 fingitur
296 1890 416 1954 habitus
436 1888 532 1954 sermo
548 1892 585 1953 de
600 1892 725 1957 Finibus
736 1895 888 1961 bonorum
910 1901 939 1961 8c
961 1898 1122 1970 malorum,
1141 1913 1234 1975 quem
1248 1889 1304 1953 Ci-
1393 1958 1394 1981 χ

155 2000 225 2041 cero
239 1978 322 2040 libris
337 1977 473 2065 quinque
489 1978 590 2063 postea
605 1981 782 2067 perscripsrt.
825 1984 865 2047 T.
885 1984 1050 2047 Munacius
1063 1981 1194 2045 Plancus
1208 1978 1304 2043 Bursa

156 2064 176 2128 ἰ
194 2066 342 2129 Cicerone
360 2061 513 2129 accusatus
533 2066 587 2143 est,
609 2078 639 2137 δι
657 2066 805 2156 Pompeio
825 2072 1007 2138 defendente
1025 2070 1196 2144 &mustus
1217 2064 1305 2151 quod
1394 2055 1395 2062 ἵ

155 2155 271 2219 curiam
282 2152 468 2217 incendisset.

406 2296 559 2363 nunus
582 2298 716 2365 unors
737 2285 953 2369 eunoun
976 2300 1051 2363 roe.
1397 2345 1398 2358 l

158 2413 225 2504 Coffi
240 2414 299 2478 ser.
313 2411 430 2496 rupicis
443 2413 532 2501 Ruso,
559 2413 612 2478 M.
630 2414 742 2478 <flando
757 2414 908 2499 Marcello,
923 2424 994 2474 arte
1007 2409 1146 2498 chrnstom
1161 2412 1213 2472 50.
1229 2404 1307 2466 Cice·

512 2501 947 2590 ranisquinquogeſsmussextus.
1328 2567 1333 2574 ,

199 2615 271 2681 Post
293 2613 394 2681 Clodii
415 2617 530 2680 caedem
549 2615 658 2680 Cicero
675 2618 714 2680 de
733 2615 867 2702 Legibus
882 2610 1007 2699 sospite
1028 2615 1089 2696 qui
1111 2615 1152 2676 de
1174 2633 1208 2674 re
1232 2613 1305 2692 cum

155 2705 257 2794 plures
271 2705 362 2766 libros
377 2701 540 2788 scnpfilset,
555 2718 616 2766 tres
631 2705 752 2766 tantum
771 2705 810 2768 ad
824 2725 895 2780 uos,
919 2704 1000 2785 iique
1014 2700 1115 2764 mutili
1129 2692 1306 2784 pervenire.

156 2789 240 2854 Cum
254 2813 333 2857 anno
347 2787 498 2871 superiore
512 2789 632 2854 fesium
647 2791 719 2854 effer
733 2790 1032 2876 senatusconsultum,
1051 2809 1092 2853 ne
1106 2788 1174 2872 quis
1183 2786 1301 2851 Pneto-

155 2879 219 2942 rius
228 2893 280 2940 aut
295 2875 467 2940 Consularis
482 2877 559 2940 intra
574 2878 819 2962 quinquennium
832 2878 862 2940 in
877 2877 1062 2962 provinciam
1073 2877 1116 2939 ire
1126 2875 1231 2961 pollet,
1241 2874 1307 2947 hoo

156 2963 410 3030 senatusconsulto
429 2965 472 3027 ire
487 2965 519 3027 in
530 2965 699 3050 prouincias
719 2966 817 3030 coedi
833 2966 911 3040 sunt,
935 2964 989 3048 qui
1006 2964 1040 3026 in
1054 2984 1105 3027 eas
1118 2986 1155 3026 ex
1172 2971 1302 3046 praeturas

155 3067 210 3114 aut
220 3053 375 3116 consulatu
387 3071 449 3113 non
471 3052 594 3116 iverant.
640 3048 676 3117 ln
687 3053 734 3115 hie
748 3051 875 3126 suit4M.
887 3051 1020 3125 Tullius,
1034 3051 1084 3112 cui
1103 3050 1212 3115 Cfficia
1231 3045 1304 3136 pr'o-

155 3141 254 3204 rincia
268 3139 441 3204 Consularis
457 3139 566 3226 obtigit
584 3161 656 3202 cum
672 3143 809 3204 exercitu
830 3141 967 3225 peditum
985 3159 1048 3203 ιιι.
1067 3139 1142 3200 mill.
1162 3140 1305 3222 equiturn

156 3229 287 3291 duorum
299 3229 374 3291 mill.
385 3231 415 3290 dr
433 3235 507 3292 600.
523 3227 638 3291 Tenuit
655 3227 747 3291 etiam
766 3226 930 3292 Proconsul
944 3227 1082 3314 Cyprum
1102 3225 1231 3291 insulam
1249 3225 1306 3290 ci-

155 3316 234 3380 liciae
244 3315 420 3402 oppositam,
436 3334 507 3378 cum
522 3315 617 3378 tribus
632 3316 811 3380 dioecelibus
825 3315 974 3392 Afiaticis,
989 3314 1169 3402 Cpbnritici,
1184 3313 1307 3398 Synna-

156 3402 249 3480 denfi,
273 3409 301 3468 δε
316 3403 490 3488 Apamensr.
535 3405 621 3466 Maio
640 3426 677 3466 ex
693 3405 767 3468 urbe
787 3403 943 3488 professus
954 3403 1009 3479 est,
1033 3407 1063 3466 n
1076 3401 1307 3478 Brundufiipli-

156 3505 233 3576 quot
244 3491 349 3556 diebus
364 3507 580 3568 commoratus,
597 3492 734 3554 Athenas
747 3495 776 3555 7.
791 3491 861 3554 Kal.
876 3489 982 3555 Sextil.
997 3492 1036 3553 ad
1046 3489 1140 3554 castra
1158 3478 1252 3552 veuit'
1263 3491 1307 3553 ad

159 3579 259 3640 7Kal.
270 3579 355 3664 Sept.
369 3581 406 3642 ad
417 3579 539 3642 tertium
550 3576 622 3642 uero
641 3580 723 3662 apud
732 3579 872 3642 Iconium
884 3579 1051 3642 exercitum
1065 3577 1210 3640 lustravit.
1254 3576 1305 3639 Ex

156 3663 205 3728 his
214 3665 316 3728 castris
328 3670 401 3729 cum
423 3688 529 3752 graves
544 3669 581 3730 de
592 3665 713 3729 Parthis
731 3666 835 3731 nuncii
848 3667 1004 3742 venirent,
1025 3666 1157 3750 perrexit
1175 3666 1208 3727 in
1227 3664 1306 3727 Cili·

156 3753 247 3828 ciam,
268 3751 324 3836 per
336 3775 404 3816 eam
419 3753 619 3838 Cappadociae
634 3769 761 3837 partem,
782 3777 851 3838 quae
868 3754 1052 3838 provinciam
1072 3753 1155 3814 illam
1168 3752 1220 3814 att'
1266 3751 1305 3816 ‘tt

157 3862 194 3905 eo
205 3841 337 3916 confilio,
353 3855 387 3904 ut
398 3842 568 3904 Armenius
580 3841 759 3906 Artavasdes
775 3847 805 3906 s
824 3842 877 3926 ipfi
887 3841 991 3907 Parthi
1002 3840 1193 3924 Cappadocis
1218 3862 1236 3902 e
1250 3861 1306 3902 ex-

34 3925 36 3938 '
156 3928 239 3992 cludi
253 3942 405 4012 putarent:
424 3945 454 3991 at
475 3930 585 3992 certior
596 3927 707 4005 sosius,
727 3929 854 3994 Parthos
866 3931 972 4013 procul
985 3929 1057 3991 hinc
1069 3927 1176 4002 abeffe,
1195 3932 1226 3991 ἃ
1238 3949 1305 3990 ma-

156 4015 328 4102 gleCiliciae
344 4016 515 4094 imminere,
524 4014 682 4080 confestim
692 4018 748 4080 iter
758 4017 791 4081 in
805 4039 873 4083 eam
883 4017 957 4082 secit
966 4015 1306 4101 perTauripylas.Tar-

156 4103 223 4166 sum
234 4104 317 4167 venit
328 4104 366 4166 ad
379 4111 397 4166 3
410 4104 497 4168 Non.
514 4103 628 4168 octob.
650 4105 721 4168 inde
734 4107 774 4168 ad
788 4109 945 4168 Amanum
960 4117 1097 4166 montem
1111 4106 1236 4187 plenum
1246 4102 1305 4165 ho·

157 4189 249 4256 lliuru
270 4192 439 4272 contendit,
463 4191 516 4258 ubi
534 4193 572 4256 ad
588 4200 606 4256 8
622 4191 695 4258 Idus
710 4192 824 4259 octob.
845 4213 993 4281 maguum
1010 4212 1118 4257 corum
1136 4211 1302 4257 numerum
