2825 4775
312 184 607 310 orianorum
628 238 666 304 n
690 208 983 306 cammarus
1190 245 1254 318 105

111 374 216 453 luili'et,
233 396 346 454 necne,
358 363 365 451 l
376 397 450 440 cum
463 376 513 438 ille
526 375 621 440 bomo
634 372 855 450 audaciffimus,
879 373 1065 440 conscientii
1088 378 1212 442 cantic»

112 481 166 542 nra,
190 465 292 550 primo
315 454 490 527 relicuiffet:
522 461 653 548 patefeci
671 477 792 526 caetera:
829 463 903 546 quid
925 459 961 526 ei
985 478 1074 529 nocte
1095 467 1209 551 egillet,

113 553 161 618 ubi
176 552 289 628 fuisset,
313 552 388 635 quid
406 553 438 614 in
454 552 623 635 proximam
638 549 844 628 coustitpiffet,
867 551 1126 632 quemadmodum
1141 555 1212 618 effet
1229 557 1255 661 ξ
1398 544 1399 639 i

110 643 138 705 ei
150 641 228 704 ratio
241 641 336 704 totiua
348 639 421 702 belli
434 638 593 723 descripta,
618 638 742 713 edocui;
761 639 844 786 qcbm
858 637 1016 716 imitaret,
1040 639 1113 704 crim
1128 655 1214 706 tene·
1398 647 1399 666 ¹

111 727 342 811 retur3quaeiivi
352 729 427 811 quid
437 727 588 790 dubitaret
610 722 649 789 eb
673 724 769 810 profic
782 725 834 800 sci,
853 733 915 808 quo
934 727 1136 812 jampridem
1182 751 1216 794 a·

111 814 297 917 riratzqcbm
311 836 404 892 arara,
427 821 496 879 cum
508 813 636 889 secures,
655 814 729 876 ctim
743 811 850 888 fascea,
868 811 940 876 cbm
955 813 1053 892 tubae,
1068 814 1140 878 cbm
1155 751 1213 902 lig.

112 925 149 968 na
162 903 315 980 militaria,
335 905 407 968 ciam
416 903 550 986 aquilam
564 902 647 967 illam
662 913 848 985 argenteam,
879 900 930 962 cui
946 901 996 964 ille
1012 904 1103 966 etiam
1120 903 1214 968 sacra-

113 992 190 1056 rium
204 991 352 1054 scelerum
366 991 450 1054 domi
464 989 525 1052 suae
538 989 663 1063 fecerat,
689 987 795 1050 scirem
806 987 864 1050 eise
873 989 1059 1072 praemiffam.
1108 992 1145 1054 ln
1160 1001 1265 1060 ex-lo.

112 1079 197 1144 ilium
219 1079 388 1166 ejiciebam,
410 1098 504 1161 quem
522 1077 587 1162 jam
606 1075 769 1159 ingreffum
788 1075 845 1136 eise
866 1075 898 1137 in
918 1075 1033 1139 bellum
1056 1079 1213 1144 videbam?

111 1166 244 1242 Etenim,
269 1167 371 1243 credo,
401 1165 537 1228 Manlius
551 1163 618 1238 iste,
639 1161 789 1237 centurio,
808 1162 862 1244 qui
877 1161 908 1224 in
917 1185 990 1248 agro
1005 1164 1150 1230 Fesulano
1166 1189 1217 1230 ca-

112 1253 169 1318 stra
181 1253 294 1339 posuit,
307 1253 437 1318 vbellum
451 1253 567 1336 populo
584 1250 728 1312 Romano
742 1248 796 1312 suo
810 1250 933 1314 nomine
955 1252 1076 1316 indixit:
1104 1256 1135 1317 &
1165 1255 1217 1319 illa

111 1343 205 1406 castra
219 1363 302 1406 nunc
316 1363 380 1405 non
394 1340 557 1406 Catilinam
576 1339 688 1402 ducem
711 1335 888 1422 expediant,
915 1341 945 1402 a:
966 1339 1017 1402 ille
1041 1339 1159 1426 ejedtua
1185 1343 1218 1405 in

112 1431 248 1506 erilium,
258 1430 290 1493 se
305 1428 477 1510 Malliliam,
486 1427 624 1508 utaiunt,
638 1446 701 1488 nan
715 1425 747 1486 in
755 1423 821 1488 haec
830 1423 924 1488 castra
938 1427 1127 1494 conferet·
1141 1413 1321 1610 con-'1⁵7

113 1518 260 1582 ditionem
270 1517 411 1580 miseram
420 1536 488 1582 -uen
506 1514 598 1577 moda
609 1512 979 1588 administrandae,verum
993 1517 1085 1578 etiam
1099 1517 1219 1582 causer.

113 1608 218 1670 raudt
228 1595 419 1689 reipublice!
440 1621 522 1666 nuuc
537 1601 558 1664 fi
572 1600 610 1664 L.
622 1600 752 1664 Catilina
766 1600 906 1678 consiliis,
920 1601 1082 1682 laboribus,
1097 1607 1223 1690 pericu-¹

112 1696 151 1758 lia
167 1694 245 1758 meis
257 1689 476 1756 circumclusus
485 1711 522 1753 ac
535 1688 709 1752 debilitatus
717 1685 815 1752 subito
828 1689 1028 1772 pertimuerit,
1040 1691 1219 1758 sententiam

113 1782 286 1858 mutarerit,
295 1779 459 1844 deseruerit
473 1777 553 1855 suos,
567 1775 725 1840 confilium
739 1775 855 1840 bellum
866 1775 1001 1841 faciundi
1016 1777 1170 1865 abjecerit,
1180 1803 1218 1846 ex

112 1868 173 1933 boc
197 1868 288 1932 cutl'u
301 1867 420 1932 sceleris
435 1871 466 1931 a
481 1865 554 1929 belli
574 1865 632 1928 iter
654 1863 813 1950 adingam
831 1879 923 1947 atque
945 1866 1070 1930 exilium
1091 1877 1266 1936 conver-20

116 1956 209 2033 terit,
231 1954 387 2020 nonilled
408 1977 458 2018 me
472 1953 616 2038 spoliatus
629 1951 721 2016 armis
744 1951 887 2030 audaciae,
909 1974 971 2016 non
990 1953 1220 2040 obstupeiadtua

114 2065 150 2108 ac
173 2043 350 2129 perterritus
369 2040 438 2106 mei
457 2041 624 2126 diligentia,
646 2060 710 2102 non
735 2039 773 2101 de
797 2039 848 2124 spe
872 2055 1046 2127 conatuque
1066 2045 1221 2130 depulsus,

115 2131 168 2196 led
181 2132 389 2207 indemnatus,
411 2129 598 2193 innocentia
611 2127 738 2190 exilium
748 2127 867 2190 e‘edtus
882 2129 900 2194 ai
914 2121 1048 2208 cellule,
1068 2133 1098 2194 vi
1115 2137 1145 2198 lt
1161 2133 1220 2196 mi·

13 2213 18 2222 ’
114 2220 164 2284 nia
172 2217 232 2284 effe
241 2219 378 2284 dicetur:
391 2222 421 2282 a
432 2230 533 2293 erunt,
548 2215 603 2299 qui
612 2215 743 2290 illum,li
758 2149 817 2278 doc
828 2215 946 2294 fecerit,
957 2238 1019 2281 non
1034 2220 1220 2304 improbum,

115 2307 167 2372 sed
182 2307 353 2385 miserum
375 2327 426 2376 me
445 2326 508 2368 non
519 2301 778 2391 diligentiffimum
799 2303 964 2382 consulem,
989 2306 1039 2370 sed
1054 2309 1262 2374 crudeliffi-25

113 2416 206 2459 mum
228 2409 392 2482 tyrannum
421 2393 584 2458 existimari
606 2393 711 2455 velint.
757 2392 840 2455 ³Est
858 2393 933 2455 mihi
958 2397 1046 2471 tanti,
1071 2398 1222 2483 Quirites,

114 2484 211 2568 hujus
224 2482 345 2548 invidiae
358 2480 440 2546 falle
461 2495 552 2565 atque
566 2479 679 2563 iniqua
693 2480 904 2565 tempestatem
914 2480 1023 2557 subire,
1053 2483 1220 2548 dummodo

116 2570 237 2637 brebia
249 2571 342 2659 hujus
363 2570 513 2635 horribilia
525 2568 598 2632 belli
608 2567 760 2630 acneiarii
771 2569 939 2651 periculum
954 2570 1131 2652 depellatur.
1162 2572 1221 2635 Di-

116 2672 205 2723 catur
224 2658 294 2722 sane
318 2658 437 2745 ejectus
450 2657 507 2721 effe
522 2653 541 2719 a
555 2676 617 2730 me,
640 2654 808 2716 dummodo
822 2669 871 2718 eat
881 2656 913 2717 in
928 2655 1068 2733 exilium;
1095 2658 1145 2721 sed
1162 2661 1221 2725 mi·

114 2747 151 2811 hi
169 2747 296 2823 credite,
321 2768 384 2810 non
398 2745 443 2810 est
456 2744 564 2807 iturus⁴
607 2740 778 2825 Nunquam
792 2762 849 2828 ego
870 2748 886 2807 a
909 2742 979 2807 Diis
998 2744 1266 2820 immortalibuasll

113 2834 242 2919 optabo,
265 2834 414 2919 Quidtea,
450 2831 570 2895 invidiae
606 2850 683 2893 meae
707 2830 842 2895 levandae
872 2830 972 2910 causi,
1002 2847 1036 2896 ut
1064 2833 1101 2897 L.
1117 2835 1223 2901 Catili·

115 2943 192 2989 nam
224 2923 337 2987 ducere
356 2920 523 2986 exercitum
545 2916 691 2995 hostium,
713 2931 804 3002 atque
825 2920 857 2982 in
879 2921 969 2985 armis
985 2926 1000 2972 b
1015 2922 1139 2987 volitare
1168 2947 1222 2991 au-

423 3114 441 3148 ·
455 3118 508 3160 non
521 3094 619 3208 rpcuso.
668 3158 671 3165 ,
793 3095 959 3178 betulam.

495 3211 516 3251 μ,
531 3222 534 3227 -
552 3195 583 3241 ’Ἰ
595 3208 614 3228 ¹¹
643 3185 684 3241 lli

148 3278 176 3329 3.
193 3275 258 3327 aad
268 3277 294 3324 ia
308 3275 442 3340 proximam
455 3183 544 3337 lleglt
550 3272 678 3337 protinam
711 3274 805 3332 Cicero,
811 3275 874 3336 quod
881 3273 979 3335 ejecerit
989 3277 1013 3324 in
1020 3278 1119 3326 exilium
1128 3279 1266 3344 Catilinam,

115 3345 407 3403 nummulum,
417 3354 465 3403 qua
471 3341 539 3388 exire
547 3338 678 3385 conatitoe-
709 3343 816 3399 utvulgb
834 3345 847 3385 l
864 3340 994 3389 fautoribus
1008 3341 1184 3402 conjuratorum
1201 3346 1267 3394 dice-

114 3406 279 3457 ratCatilina.
710 3401 788 3461 batur,
799 3418 855 3451 cum
866 3405 890 3450 in
902 3406 1004 3464 patriam
1016 3406 1105 3454 bellum
1118 3414 1270 3471 euucepmm

151 3474 176 3521 6.
194 3466 339 3533 Descripta]
372 3471 411 3519 Sic
419 3470 576 3531 descripserat
600 3471 678 3515 totam
710 3468 741 3514 ad
751 3472 830 3515 castra
840 3470 960 3528 profectus
967 3478 1037 3519 estet.

113 3535 175 3584 belli
183 3536 311 3594 nanneni,
331 3540 359 3581 ut
370 3536 428 3583 elice
438 3535 550 3592 caedibua,
572 3532 629 3580 alica
639 3532 677 3579 in·
744 3534 782 3579 la.
795 3530 899 3590 Elem'm,
909 3530 993 3593 creda]
1011 3534 1097 3585 imnia.

114 3600 220 3659 teudila,
242 3599 300 3647 alica
316 3599 388 3647 rania
400 3599 465 3647 urbia
475 3600 583 3663 pertibus
591 3596 678 3659 prase-
745 3598 782 3645 15.
796 3594 934 3655 Maecilium,
954 3605 979 3645 ul
990 3597 1077 3657 aium]
1094 3603 1217 3653 Salltutiua
1230 3620 1269 3654 re·

114 3666 189 3713 wit,
711 3656 867 3721 lemopuun
885 3662 970 3725 cuique
984 3662 1166 3715 literaadedieee
1184 3670 1269 3718 Catili·

151 3730 190 3777 lo.
202 3728 261 3777 Ouia
278 3726 413 3787 tenerorum]
445 3728 484 3777 Sic
504 3727 628 3776 convicuit
643 3733 681 3775 eat
712 3739 778 3783 narn,
794 3740 820 3772 ee
835 3726 899 3774 falsis
914 3728 1052 3775 criminibus
1069 3730 1269 3793 circumventum,

110 3793 254 3845 manimetia
268 3794 349 3853 signia,
366 3808 421 3855 quaa
436 3799 450 3839 l
465 3793 682 3852 ciceroneprolata
713 3790 827 3851 quoniam
836 3805 919 3839 eomm
940 3792 1082 3841 mobonibua
1097 3798 1205 3845 resistere
1219 3814 1269 3847 nou

111 3864 183 3917 aaut
196 3864 224 3905 ut
238 3858 297 3906 nihil
305 3863 389 3906 uonna
398 3858 503 3919 proferro
513 3870 583 3905 eume
593 3856 625 3904 rit
632 3856 680 3904 ca·
713 3860 832 3915 potuerat,
855 3856 988 3905 Massiliam
999 3857 1022 3905 in
1030 3859 1129 3908 exilium
1137 3863 1269 3923 proficisci:

114 3922 199 3971 tium„
712 3932 761 3967 nun
772 3923 836 3983 quod
850 3932 875 3967 te
885 3922 945 3969 tanti
957 3923 1052 3971 sceleris
1067 3926 1188 3974 conscium
1200 3942 1270 3987 repu-

152 3991 177 4036 ll.
186 3986 289 4045 secures,
296 3984 445 4048 cuiusnam]
465 3989 564 4037 secures
572 3985 596 4032 k
606 3985 682 4034 saccea
713 3988 785 4042 taret,
803 3988 844 4035 aad
856 4001 886 4033 ne
895 4002 942 4047 qua
953 4002 986 4035 ex
996 4002 1038 4034 nra
1045 3992 1198 4042 contentione
1208 3992 1271 4037 aedi-

113 4050 225 4113 insignia
239 4057 295 4099 nant
305 4052 443 4111 Consulum,
464 4051 572 4115 quesibi
583 4052 684 4111 sumpsit
714 4048 748 4095 tio
764 4050 872 4099 oriretur.
910 4054 953 4099 Eat
971 4057 1051 4099 aulem
1060 4042 1167 4099 Miailia
1185 4054 1271 4101 Gallie

114 4114 267 4163 Catilinaad
277 4122 356 4165 castra
367 4115 454 4164 Manlii
463 4116 624 4177 proficiscens.
716 4114 876 4164 Narbonensis
893 4115 949 4165 urbs
963 4119 1080 4177 praeclara
1096 4116 1119 4162 da
1135 4118 1227 4173 nobilia,
1246 4120 1272 4167 in

152 4180 177 4226 9.
184 4176 454 4244 Aqmlamargentem.)
462 4181 525 4228 Vide
535 4181 680 4243 mperiorem
714 4190 762 4237 qua
772 4180 835 4227 ciret
845 4181 919 4229 literis
939 4180 961 4226 a
972 4182 1076 4227 moribua
1093 4182 1270 4241 praecellebant,

112 4244 275 4302 Orationem,
284 4258 367 4306 parag.
379 4244 410 4291 iv.
419 4247 436 4293 l.
446 4244 485 4293 ll.
712 4244 742 4291 de
753 4256 855 4303 quorum
873 4243 1050 4305 udellutelege
1071 4242 1123 4293 Cic.
1142 4244 1185 4295 lib.
1205 4249 1228 4295 2.
1240 4247 1271 4296 de

154 4303 680 4372 lernaeamaamleagea
712 4306 813 4361 ouen
