2825 4775
510 244 571 311 nr
593 244 808 311 amoma.
886 320 888 325 ,
1002 286 1008 293 .
1202 248 1265 307 ns

116 381 189 445 clem
210 390 378 454 moveam,
400 377 471 463 eligi
495 399 548 462 par
566 377 622 441 est:
652 398 721 461 qua
735 376 838 439 omnia
853 377 1004 461 pertinent
1032 376 1072 441 ad
1094 373 1223 441 fidelita-

115 482 198 543 tem;
220 489 321 551 neque
339 464 421 529 eriim
436 464 532 528 fidum
554 464 651 549 potest
670 466 727 527 effe
753 465 910 549 multiplex
920 466 1075 551 ingenium
1104 472 1133 529 δι
1160 480 1222 527 tor·
1253 528 1257 537 ,

117 554 255 630 tunsum:
278 576 377 637 neque
387 550 471 629 verb,
496 552 550 636 qui
572 574 635 615 non
648 552 754 615 iisdem
776 552 866 615 rebus
879 568 1028 629 movetur,
1057 560 1222 636 neruisque

119 641 280 717 consentit,
302 655 354 703 aut
374 639 453 702 fidus
470 655 524 702 aut
538 638 649 702 stabilis
668 639 764 723 potest
787 640 854 703 effe.
900 640 1087 703 Addendum
1110 642 1268 705 ebdemlo

120 728 177 805 est,
190 745 226 791 ut
239 750 278 791 ne
293 726 471 791 criminibus
484 742 538 790 aut
548 726 713 789 inserendis
728 725 906 802 delectetur,
922 743 974 789 aut
988 728 1090 791 credat
1104 728 1223 791 oblatis:

120 836 190 901 quae
207 815 309 878 omnia
326 815 477 899 pertinent
496 814 628 889 adeam,
654 834 746 895 quam
758 815 940 899 jamdudum
951 814 1059 890 mtto,
1086 814 1224 877 constan-

119 904 205 967 tiam.
248 903 295 965 Ita
318 901 355 964 fit
377 921 484 964 verum
494 900 582 975 illud,
596 900 679 984 quod
690 901 776 963 initio
787 900 860 977 dixi,
876 902 1064 977 Amicitiam,
1078 901 1131 963 nili
1146 901 1225 963 inter

110 990 227 1065 -bonoe,
248 990 305 1053 effe
323 1010 386 1051 nou
400 988 490 1070 posse.
534 986 587 1049 Est
612 988 694 1051 enim
708 988 781 1051 boni
794 988 861 1077 viri,
890 1010 982 1071 quem
1002 990 1134 1052 eundem
1148 988 1225 1071 sapi·

120 1092 222 1142 entem
237 1080 308 1139 licet
323 1077 433 1149 dicere,
448 1072 514 1139 lucc
528 1076 590 1138 duo
604 1089 706 1137 tenere
721 1076 753 1137 in
765 1076 905 1139 amicitiai:
927 1074 1068 1159 primum,
1094 1098 1133 1138 ne
1147 1076 1268 1157 quidlfi

120 1163 232 1228 fidium
247 1164 297 1239 fit,
320 1182 395 1224 nere
410 1162 596 1225 fimulatum:
617 1160 719 1245 aperte
735 1164 816 1227 enim
827 1165 875 1227 vel
889 1163 980 1225 odisse
994 1164 1090 1248 magis
1101 1162 1225 1246 ingenui

120 1251 176 1326 est,
199 1271 291 1333 quam
317 1249 417 1313 fronte
442 1251 594 1312 occultare
618 1250 809 1313 sententiam:
839 1250 958 1326 deinde,
987 1272 1050 1313 non
1072 1250 1167 1313 solbm
1187 1250 1226 1313 ab
1258 1308 1264 1321 ,

121 1338 224 1420 aliquo
249 1338 353 1399 allatas
374 1336 599 1401 criminationes
617 1338 773 1419 repellere,
789 1337 840 1401 sed
857 1359 895 1401 ne
918 1337 1015 1420 ipsum
1033 1338 1157 1420 quidem
1168 1338 1225 1401 esse

120 1424 329 1508 suspiciosum,
346 1424 463 1506 semper
477 1421 590 1507 aliquid
604 1423 825 1487 existimantem
839 1425 876 1487 ab
891 1425 989 1493 amico
999 1425 1056 1487 effe
1070 1426 1224 1489 violatum.

121 1512 260 1575 Accedat
273 1510 334 1575 huc
352 1510 478 1575 suavitas
498 1508 637 1594 quaedam
647 1526 766 1594 oportet
777 1512 949 1575 sermonum
974 1525 1065 1595 atque
1090 1518 1271 1587 morum‚20

121 1598 360 1682 haudquaquam
369 1600 521 1663 mediocre
530 1597 759 1661 condimentum
775 1598 923 1662 amicitiae.
967 1598 1103 1661 Tristitia
1124 1614 1227 1663 autem

122 1690 154 1751 ἃ
169 1686 201 1748 in
212 1686 296 1749 omni
306 1708 339 1751 re
354 1686 502 1762 severitas,
516 1685 608 1749 habet
624 1685 674 1747 illa
687 1686 812 1768 quidem
826 1686 1015 1773 gravitatem:
1031 1685 1081 1749 sed
1096 1686 1229 1751 amicitia
1257 1748 1262 1757 ,

121 1772 257 1836 remissor
270 1772 328 1837 effe
342 1772 442 1850 debet,
460 1778 489 1837 tt
502 1772 633 1849 liberior,
657 1776 687 1837 ἃ
700 1773 827 1850 dulcior,
852 1776 881 1837 rc
909 1774 947 1837 ad
964 1794 1087 1837 omnem
1102 1774 1228 1839 comita·

120 1874 186 1923 tem
199 1860 436 1944 facilitatemque
451 1862 620 1945 proclivior.
779 1926 781 1930 ,

166 1946 254 2011 XIX.
298 1947 405 2010 Existit
426 1961 528 2011 autern
556 1947 615 2010 hoc
640 1948 709 2011 loco
723 1951 862 2031 quaedam
881 1948 1008 2033 quaestio
1026 1948 1230 2015 subdifficilis:

121 2035 330 2118 numquando
354 2035 444 2097 amici
465 2034 546 2110 novi,
569 2035 653 2122 digni
681 2037 822 2113 amicitis,
844 2037 994 2100 veteribus
1017 2037 1072 2099 sint
1104 2051 1230 2121 antepo-

121 2122 228 2198 nendi,
250 2136 287 2185 ut
297 2123 384 2204 equis
394 2122 504 2185 vetulis
517 2136 638 2186 teneros
652 2138 836 2206 anteponere
847 2122 986 2191 solemus.
1030 2124 1158 2209 Indigna
1172 2124 1228 2187 ho-
1260 2186 1266 2193 ,

118 2208 203 2283 mine
214 2208 378 2285 dubitatio:
401 2209 556 2271 nonenim
574 2210 632 2272 esse
646 2209 758 2273 debent
772 2209 987 2285 amicitiarum,
1017 2209 1091 2273 sicut
1102 2212 1227 2273 aliarum

118 2316 234 2371 rerum,
260 2294 417 2359 satietates.
460 2294 633 2373 Veterrima
658 2318 790 2379 quaeque
806 2301 854 2379 (ut
881 2319 918 2361 ea
933 2296 1012 2371 vina,
1035 2320 1104 2379 quae
1129 2298 1270 2361 retus-5

119 2397 217 2447 tatem
231 2382 347 2468 serunt)
372 2382 430 2446 effe
454 2382 567 2446 debent
592 2382 769 2447 suaviffima:
791 2405 958 2466 verumque
979 2384 1055 2446 illud
1070 2384 1125 2460 est,
1145 2387 1227 2469 quod

117 2471 241 2547 dicitur,
253 2471 365 2533 multos
373 2470 566 2534 modiossalis
580 2471 668 2534 simul
686 2471 819 2535 edendos
831 2473 898 2548 esse,
914 2486 949 2534 ut
962 2471 1101 2534 amicitia
1116 2494 1229 2538 munus
1242 2471 1244 2475 ’

117 2560 276 2642 expletum
286 2558 334 2633 fit;
351 2559 498 2622 novitates
508 2572 622 2635 autem,
632 2559 652 2620 si
664 2557 746 2642 spem
762 2559 901 2633 afferunt,
913 2573 947 2621 ut
956 2557 1102 2641 tanquam
1118 2559 1149 2620 in
1159 2559 1228 2623 her·
1266 2619 1270 2630 ‚

116 2645 168 2709 bis
181 2667 244 2708 non
252 2645 410 2727 fallacibus
421 2643 542 2708 imaus
552 2663 703 2730 appareat,
713 2667 775 2710 non
784 2647 852 2708 sunt
863 2647 923 2708 illae
934 2646 1058 2730 quidem
1068 2647 1229 2730 repudian-

119 2733 186 2809 dae:
209 2732 340 2796 vetustas
354 2746 457 2794 tamen
478 2733 547 2795 loco
561 2732 615 2796 suo
629 2733 845 2809 conservanda:
874 2734 1006 2796 maxima
1020 2733 1062 2796 est
1078 2733 1160 2796 enim
1181 2735 1272 2798 visto

121 2819 280 2883 vetustatis
297 2823 326 2882 &
340 2819 575 2882 consuetudinis.
606 2821 697 2905 Quin
707 2820 771 2903 ipso
785 2843 876 2903 equ0,
890 2822 978 2905 cujus
992 2819 1085 2883 modi)
1101 2821 1231 2884 mentio-

118 2927 196 2972 nem
210 2907 282 2982 seci,
297 2907 318 2968 ti
334 2908 418 2968 nulla
431 2928 479 2969 res
494 2907 650 2991 impediat,
675 2928 767 2971 nemo
782 2907 836 2983 est,
858 2909 912 2990 qui
932 2930 994 2969 non
1008 2930 1057 2984 eo,
1082 2929 1145 2991 quo
1157 2931 1231 2972 con-

119 2994 230 3070 suevit,
241 2992 382 3056 libentibs
392 3007 505 3070 utatur,
515 3015 609 3077 quam
624 2995 785 3057 intradlato
797 2999 824 3058 8ι
837 3015 925 3058 novo.
947 2993 1015 3058 Nec
1029 3003 1100 3060 verb
1116 2996 1147 3058 in
1161 2996 1231 3072 hoc,
1270 3059 1273 3064 .

118 3081 208 3164 quod
217 3080 260 3143 est
283 3081 404 3156 animal,
418 3080 469 3143 sed
481 3083 514 3142 in
528 3081 564 3144 iis
574 3081 676 3157 etiam,
692 3081 841 3165 quaesunt
854 3082 1027 3158 inanimata,
1045 3081 1231 3146 consuetudo

118 3169 219 3241 valet:
228 3172 300 3230 clim
308 3167 382 3229 locis
391 3167 459 3250 ipsis
469 3168 658 3232 deledlemur
671 3168 837 3232 montuosis
848 3171 938 3232 etiam
951 3177 980 3234 bt
992 3169 1190 3255 sylvestribus,
1198 3173 1274 3236 ints

118 3252 237 3338 quibus
251 3253 365 3317 diutius
375 3256 554 3317 commorati
568 3255 683 3318 sumus.
726 3256 788 3318 Sed
803 3256 969 3318 maximum
985 3255 1028 3318 est
1043 3259 1074 3317 in
1086 3256 1228 3333 amicitiis,

117 3341 313 3426 superiorem
328 3361 434 3424 parem
447 3342 505 3404 effe
519 3343 670 3406 inferiori:
692 3343 769 3426 saepe
792 3344 874 3406 enim
892 3343 1075 3406 excellentiae
1091 3345 1232 3426 quaedam

118 3429 206 3504 sunt,
216 3429 314 3511 qualis
323 3442 387 3491 erat
396 3425 546 3512 Scipionis
555 3429 587 3492 in
598 3428 711 3506 nostro,
727 3446 762 3492 ut
771 3430 809 3492 ita
825 3430 935 3504 dicam,
946 3451 1046 3515 grege.
1062 3430 1231 3514 Nunquam
1272 3491 1275 3498 .

118 3517 156 3580 se
171 3517 221 3578 ille
231 3515 332 3592 Philo,
357 3516 517 3598 nunquim
540 3517 677 3600 Rupilio,
703 3523 861 3600 nunqudm
879 3517 1035 3579 Mummio
1053 3518 1234 3603 anteposuit,

119 3624 285 3686 nunquam
300 3602 452 3667 inferioris
466 3603 579 3665 ordinis
594 3605 707 3666 amicis.
754 3605 795 3690 Q.
820 3625 891 3666 vcro
905 3603 1078 3668 Maximum
1093 3605 1275 3682 fratrem‚20

119 3691 286 3776 egregium
299 3690 411 3766 virum,
422 3692 547 3754 omnino
562 3690 614 3752 fibi
628 3713 820 3773 nequaquam
835 3712 949 3775 parem,
965 3692 1046 3773 quod
1061 3693 1087 3755 is
1102 3693 1233 3755 anteibat

117 3791 226 3854 aetate,
240 3784 388 3860 tanquam
400 3777 582 3861 superiorem
593 3777 725 3856 colebat:
738 3777 864 3861 suosque
874 3799 979 3841 omnes
991 3799 1044 3862 per
1055 3778 1084 3841 se
1099 3780 1157 3842 effe
1169 3800 1233 3841 am-

116 3865 237 3953 pliores
248 3864 376 3927 volebat.
390 3865 484 3948 Quod
498 3866 673 3929 faciendum
684 3866 924 3948 imitandumque
934 3865 977 3928 est
991 3865 1144 3928 omnibus:
1154 3865 1232 3942 ut,fi

117 3973 221 4038 quam
232 3950 433 4036 praestantiam
446 3952 574 4028 virtutis,
584 3953 710 4037 ingenii,
719 3952 849 4016 sortunae
861 3950 1013 4016 consecuti
1028 3954 1106 4028 sunt,
1122 3953 1234 4036 imper·

115 4041 204 4104 tiant
217 4060 285 4101 eam
300 4038 371 4112 suis,
393 4040 679 4122 communicentque
693 4061 764 4101 cum
785 4040 941 4122 proximis:
964 4055 1008 4115 ut,
1025 4040 1276 4122 liparentibus25

116 4126 191 4192 nati
202 4126 257 4187 sint
267 4122 444 4200 humilibus,
464 4125 487 4190 fi
502 4126 686 4209 propinquos
696 4125 826 4188 habeant
837 4128 1046 4190 imbecilliores
1057 4128 1106 4189 vel
1119 4128 1232 4202 animo,

114 4214 175 4278 vel
183 4211 440 4290 senunaeorum
451 4228 580 4297 augeant
587 4235 671 4296 opes,
695 4213 911 4297 eisquehonoti
921 4213 976 4276 fint
988 4220 1016 4276 δι
1028 4214 1178 4299 dignitati:
1198 4237 1234 4278 us

116 4303 161 4367 in
175 4299 297 4379 sabulis,
319 4299 372 4386 qui
386 4300 561 4385 aliquandiu
578 4315 700 4387 propter
720 4302 939 4388 ignorationem
954 4301 1053 4386 stirpis
1070 4307 1098 4368 8<
1115 4302 1233 4389 generis
