2825 4775
182 261 254 327 nir
468 356 480 375 ι
517 261 565 327 Μ.
587 260 741 329 TULLII
760 258 993 331 CICERONIS

432 418 585 487 ANNUS
608 418 742 489 URBIS
765 422 981 489 CONDITAE
1005 418 1080 488 705.

182 564 246 653 ciffi
260 568 289 627 c.
307 562 390 653 Jun
402 564 669 651 cesaristam,
684 568 724 631 Ρ.
742 567 860 630 onon
872 566 1106 652 ieonum,
1119 538 1334 657 ,necerim

105 660 110 676 ¹
458 656 510 716 47.
557 656 694 717 Ciceronis
707 654 946 741 quinquagqimiis
960 678 1057 718 mnus.

223 764 309 828 Vicit
324 766 424 831 Caesar
441 766 625 852 Pompeium
643 768 681 831 ad
697 768 894 832 Pharsaliam:
920 768 952 830 in
970 766 1034 834 acie
1052 767 1163 832 Cicero
1179 790 1242 833 non
1259 756 1332 846 snit,

179 851 273 917 sedin
288 854 400 931 castris,
411 872 533 941 propter
546 857 762 919 valetudinem.
808 856 902 918 Erant
915 877 987 918 cuni
999 851 1147 920 Cicerone
1156 856 1203 919 M.
1218 858 1333 931 Varro,

182 945 212 1005 ἃ
229 942 277 1003 Μ.
289 942 383 1006 Cato:
409 964 480 1010 nani
494 943 571 1007 Cato
594 944 776 1031 Dyrrhachii
795 942 920 1007 relitiue
935 943 978 1007 est
994 942 1011 1005 ir
1029 943 1176 1027 Pompeio
1202 966 1274 1016 cum
1293 954 1332 1011 15

178 1027 364 1106 cohortibus,
387 1044 421 1092 ut
435 1028 659 1115 impedimentis
675 1030 811 1115 praesidio
824 1030 905 1093 esset.
950 1028 1047 1094 Victo
1060 1030 1220 1115 Pompeio,
1241 1030 1332 1111 Cato,

177 1118 855 1295 ¹‘iiiliiiiiriissiii'iiiiiiiiuliiiiliiiiiiiiiipieeiiiieihil
861 1118 1333 1273 diiigrrheziitiiuiiibiiaciimailliiii

176 1292 338 1369 recusaret,
347 1295 468 1377 propiis
477 1293 596 1358 tatium
604 1294 647 1359 est
657 1295 847 1378 nititqmm
856 1309 892 1358 ut
901 1294 1099 1371 occideretur,
1108 1298 1181 1358 ciani
1194 1300 1225 1359 u
1237 1297 1332 1361 Pom·

178 1380 264 1464 peius
287 1379 377 1456 filius,
406 1383 536 1444 &amici
552 1404 623 1444 eum
638 1383 824 1465 proditorem
838 1384 1033 1468 appellarent,
1048 1382 1224 1468 gladiosque
1240 1384 1333 1449 strin-

178 1479 300 1551 gerent;
322 1466 373 1529 sed
388 1465 466 1529 Cato
480 1466 614 1531 resistens
628 1467 678 1529 vix
693 1468 776 1531 setho
791 1489 863 1533 eum
877 1471 1001 1555 eripuit:
1024 1491 1116 1555 quare
1132 1468 1241 1535 Cicero
1258 1495 1333 1537 cum

179 1554 284 1617 multis
295 1553 359 1615 aliis
374 1552 568 1617 senatoribus
578 1555 727 1619 continuo
743 1554 877 1618 Romam
888 1557 1045 1642 proicitur
1054 1558 1108 1634 est,
1123 1561 1152 1621 dt
1169 1558 1334 1625 Brundusii

180 1655 326 1716 moratus,
349 1640 498 1704 Caesarem
514 1640 706 1726 exspedtauit.
752 1642 956 1705 Brundusium
971 1644 1095 1729 quoqu&
1110 1644 1158 1707 Μ.
1175 1648 1335 1712 Antonius

179 1728 246 1815 post
260 1728 430 1804 vidioriam,
445 1751 517 1792 cuni
528 1730 697 1815 legionibus
707 1729 802 1805 venit,
819 1733 848 1795 8ι
866 1728 1008 1793 Ciceroni
1017 1732 1163 1815 pepercit.
1207 1734 1337 1819 Scripsit

181 1830 249 1878 tum
260 1815 361 1879 Caesar
375 1817 413 1877 ad
428 1817 615 1893 Antonium,
631 1816 797 1903 prohibere
807 1838 914 1881 omnes
935 1816 1030 1891 Italii,
1053 1817 1106 1879 nisi
1122 1838 1254 1900 quorum
1269 1822 1336 1905 ipse

178 1902 300 1965 causam
315 1903 509 1987 cognovisset:
531 1924 624 1989 quare
639 1902 711 1966 ciiin
728 1905 882 1967 Antonius
894 1902 1021 1989 petiisset
1036 1902 1211 1967 {Cicerone
1226 1928 1280 1989 per
1296 1908 1337 1970 li-

178 2004 269 2065 teras,
282 2004 316 2051 ut
328 1990 379 2051 sibi
395 1989 574 2074 ignosceret:
596 1990 695 2055 facere
706 1991 737 2053 se
752 2012 814 2054 non
825 1990 916 2075 poffe,
938 1990 1014 2074 quin
1027 1990 1154 2053 cesaris
1168 1992 1262 2056 literis
1277 2015 1337 2077 pa-

178 2091 267 2139 reret.-
290 2076 368 2138 misit
379 2078 416 2139 ad
429 2098 503 2141 eum
518 2077 626 2142 Cicero
644 2078 672 2141 L
694 2076 843 2154 Lamiam,
865 2078 920 2161 qui
934 2077 1164 2156 demonstraret,
1180 2078 1338 2145 Caesarem

179 2163 346 2229 Dolabellae
362 2163 475 2241 dixisse,
502 2180 536 2227 ut
558 2165 596 2227 ad
615 2165 796 2229 Ciceronem
811 2166 962 2243 scriberet,
987 2180 1023 2228 ut
1042 2165 1161 2227 Italiam
1176 2170 1338 2252 quampri-

180 2252 268 2315 miim
282 2251 407 2313 veniret.
437 2253 542 2334 Itaque
559 2252 714 2315 Antonius
728 2254 822 2315 edixit
836 2253 889 2327 ita,
908 2244 947 2315 'ut
960 2253 1008 2315 M.
1023 2250 1164 2316 Tullium
1179 2255 1338 2343 exciperet

182 2337 374 2402 nominatim.
419 2336 502 2402 Vide
514 2338 599 2424 epist.
613 2342 643 2403 7.
659 2339 711 2402 lib.
728 2346 777 2402 11.
789 2339 827 2405 ad
840 2341 907 2404 Att-
1238 2352 1243 2361 '

436 2479 591 2544 ANNUS
613 2477 747 2544 URBIS
769 2478 988 2545 CONDITAE
1009 2482 1085 2545 706.

182 2623 247 2712 siff
264 2623 347 2713 Julio
363 2622 464 2708 Castore
473 2622 639 2710 ficundiim,
655 2623 814 2698 Diffiatore,
830 2619 883 2686 M.
899 2622 1024 2684 Antonio
1034 2619 1174 2706 Equitum
1189 2604 1341 2711 Mngssro

420 2724 486 2772 onte
502 2710 638 2798 christum
654 2716 710 2774 40.
753 2711 889 2774 Ciceronis
896 2707 1091 2794 strengefimus.

222 2822 429 2887 constituerat
439 2823 548 2887 Cicero
560 2823 657 2886 silium
668 2823 759 2887 suuni
773 2823 954 2888 Ciceronem
965 2825 1037 2887 c'uni
1043 2821 1107 2886 Cn.
1118 2823 1262 2889 Sallustio
1275 2827 1338 2892 ob-

178 2910 259 2977 riiim
274 2911 384 2975 Caesari
400 2911 534 2986 mittere3
558 2910 608 2973 sed
624 2917 694 2972 cum
708 2913 747 2972 de
761 2913 829 2996 ejus
843 2911 976 2974 adventu
988 2909 1065 2972 nihil
1074 2911 1241 2989 afferretur,
1256 2937 1338 2979 con-

180 2995 279 3066 filium
297 2997 433 3060 mutavit.
479 2997 588 3060 Cicero
607 2998 743 3061 literani
763 2997 884 3060 Caesare
907 2996 1035 3079 accepit,
1064 3017 1140 3079 qnae
1165 2998 1217 3061 ille
1236 3001 1264 3063 ei
1293 3025 1337 3068 ex

181 3089 318 3174 AEgypto
327 3085 456 3160 miserat,
469 3085 579 3167 quibus
594 3083 727 3168 petebat,
739 3098 775 3146 ut
785 3083 857 3147 cffet
869 3085 953 3147 idem
964 3083 1018 3166 qui
1034 3082 1143 3147 suisset.
1186 3084 1250 3153 Sed
1263 3091 1338 3174 opi.

178 3179 271 3240 nione
282 3174 369 3237 citids
384 3173 484 3238 Caesar
496 3173 580 3234 venit
594 3175 626 3234 in
638 3172 771 3247 ltaliam,
794 3172 876 3253 quod
891 3172 945 3234 ubi
958 3171 1099 3235 Ciceroni
1109 3173 1260 3256 perlatum
1272 3177 1334 3253 est,

182 3269 212 3328 8<
225 3281 296 3326 euni
310 3259 480 3324 Tarentum
495 3257 619 3322 naribus
631 3259 784 3343 appulisse,
795 3273 887 3342 atque
901 3260 972 3320 inde
982 3259 1186 3323 Brundusium
1201 3261 1337 3343 pedibus

179 3350 374 3424 contendere,
396 3349 515 3411 obiitin
534 3346 577 3417 iiii
595 3345 741 3430 proceffit.
786 3345 897 3422 Caesar,
920 3361 955 3408 ut
971 3368 1044 3409 eum
1057 3347 1147 3432 longe
1167 3361 1237 3411 ante
1255 3351 1336 3414 alios

179 3459 337 3502 occurrere
352 3437 437 3512 vidit,
460 3433 625 3510 descendit,
650 3438 680 3497 δι
697 3453 769 3497 cuni
787 3454 825 3496 eo
839 3432 903 3496 solo
917 3433 1104 3520 colloquens,
1118 3436 1223 3498 multa'
1237 3435 1338 3505 stadia

182 3524 330 3610 procedit.

432 3667 586 3732 ANNUS
608 3666 741 3733 URBIS
766 3667 986 3733 CONDI'I'AE·
1005 3668 1079 3732 707.

182 3811 247 3900 Coffi
265 3812 348 3903 Julio
360 3816 381 3876 C
380 3811 461 3897 astare
471 3812 597 3886 tertium,
609 3809 768 3888 Diiiatore,
780 3810 833 3873 M.
849 3811 972 3875 AEniilio
982 3808 1097 3893 Lepido,
1111 3819 1177 3869 onie
1191 3805 1338 3893 christum

475 3905 527 3961 45.
574 3899 709 3960 Ciceronis
717 3897 901 3984 stxoggfimus
916 3900 1038 3981 primus.

224 4014 308 4076 Toto
331 4011 390 4076 hoc
410 4033 491 4074 anno
513 4011 629 4074 bellum
656 4009 839 4074 Africanum
859 4009 978 4095 gestum
998 4007 1052 4082 est,
1078 4028 1113 4070 ac
1137 4002 1200 4070 ieri
1212 4002 1338 4087 semper

183 4098 294 4164 Romae
310 4116 513 4164 commoratus
529 4097 571 4164 est
583 4096 703 4174 Cicero,
718 4099 766 4160 vel
777 4099 809 4160 in
819 4098 912 4172 villis,
931 4117 987 4158 nec
1002 4085 1065 4157 ieri
1077 4093 1189 4171 exibat,
1206 4105 1337 4174 propter

179 4189 274 4251 variae
287 4187 449 4251 hominum
458 4186 647 4270 suspiciones.
678 4185 779 4248 Totus
795 4183 855 4247 suit
864 4185 895 4246 in
908 4183 1027 4245 studiis:
1036 4204 1074 4245 eo
1087 4182 1170 4244 enim
1188 4194 1334 4261 tempore

179 4290 304 4358 putatur
320 4274 458 4361 scripsisse
477 4273 658 4339 Partitiones
675 4273 819 4337 oratoriae
836 4271 987 4337 &librum
1002 4271 1056 4355 qui
1067 4255 1334 4334 Brum'tnscribi-
