2825 4775
355 243 530 326 onnno
551 244 642 308 eno
663 245 701 308 c.
725 246 920 326 nnumin.
1198 253 1235 314 n

91 376 297 444 tuulcilceris
318 377 418 462 patrui
440 392 583 454 mortem,
603 391 696 462 atque
711 377 761 442 ille
777 376 1116 462 persequereturlratris
1140 379 1196 458 lui,

91 469 115 530 li
130 467 314 539 iteratione
330 487 417 550 agere
432 463 592 545 voluillet?
618 469 646 528 8<
664 487 718 548 par
733 466 911 528 deliderium
923 465 967 528 sui
982 467 1104 550 reliquit
1116 468 1197 552 apud

94 556 247 640 populum
261 554 439 616 Romanum
455 552 609 615 Labienus
624 551 690 630 iste,
713 569 851 636 partruus
860 554 966 629 vester,
982 554 1116 638 quisquis
1127 555 1201 633 fuit,

93 665 129 706 ac
142 641 216 705 Tib.
230 640 389 704 Gracchus
403 639 599 724 reliqueram.
614 645 665 702 An
686 643 780 724 pietas
795 631 846 703 tuo
860 643 966 726 major,
993 650 1084 724 quam
1101 643 1198 706 Grac·

95 729 170 794 chi?
193 751 235 792 an
263 727 408 811 animus?
446 750 485 790 an
510 726 689 807 consilium?
713 751 752 790 an
766 725 856 812 opes?
880 752 918 792 an
941 729 1122 792 aucloritas?
1157 739 1241 795 anlo

93 817 269 902 eloquentia
282 815 294 880 ἓ
310 838 379 898 quae
395 817 457 878 liin
471 815 522 895 illo
533 816 660 880 minima
669 815 802 892 fuillent,
813 831 915 879 tamen
927 837 941 866 ³
957 838 1019 901 prae
1031 819 1090 880 tuis
1102 817 1200 890 facul·
1213 866 1217 872 .

93 904 206 985 tatibus
223 904 364 986 ,maxima
385 919 579 989 putarentur.
623 901 708 984 Cirm
736 925 808 966 vero
823 905 870 966 his
892 903 981 966 rebus
997 903 1138 968 omnibus
1160 907 1197 970 C.
1233 976 1236 981 ,

95 993 257 1076 Gracchus
272 1013 378 1060 omnes
392 992 507 1068 vicerit,
530 1008 679 1076 quantum
705 992 895 1054 intervallum
918 993 1039 1055 tandem
1055 992 1133 1056 inter
1157 1010 1200 1070 te,

94 1098 187 1164 atque
202 1082 290 1144 illum
305 1079 501 1165 interjedlum
516 1078 626 1164 putas?
649 1078 711 1140 Sed
741 1094 908 1152 moreretur
923 1083 1003 1162 priris
1018 1079 1200 1152 acerbillrmir

95 1185 195 1232 morte
205 1170 316 1249 millies
328 1167 498 1243 Gracchus,
522 1166 614 1249 quim
627 1169 658 1227 in
673 1167 739 1250 ejus
758 1167 904 1229 concione
916 1167 1049 1228 carnifex
1060 1169 1242 1238 consistere

96 1273 161 1334 ret,
178 1278 273 1340 quem
285 1277 347 1318 non
357 1257 448 1318 modo
463 1254 541 1330 foro,
552 1253 602 1316 sed
612 1253 728 1316 etiamb
745 1257 824 1316 coelo
835 1253 893 1318 hoc
904 1254 1048 1338 aespiritu
1059 1255 1201 1322 censoriae

95 1345 191 1429 leges,
201 1358 294 1426 atque
309 1344 391 1410 urbis
406 1342 561 1405 domicilio
576 1363 676 1404 carere
691 1341 862 1404 voluerunt.
907 1342 968 1404 Hic
984 1341 1012 1404 se
1024 1345 1201 1428 popularem
1237 1385 1241 1400 .

94 1433 198 1495 dicere
208 1433 312 1508 audet,
326 1453 380 1499 ‚me
393 1432 526 1494 alienum
542 1428 736 1492 acommodis
751 1429 867 1493 vestris:
890 1451 961 1491 cum
976 1415 1030 1494 ille
1050 1453 1156 1494 omnes
1168 1435 1200 1512 Ιδε

94 1519 327 1603 suppliciorum,
344 1528 374 1584 or
391 1519 551 1582 verberum
566 1515 754 1594 acerbitates,
777 1540 838 1579 non
854 1541 890 1580 ex
903 1517 1046 1580 memorie
1061 1517 1156 1582 vestri
1167 1541 1201 1582 ac

94 1623 219 1693 patrum
234 1607 412 1683 vestrorum,
427 1605 478 1670 sed
493 1628 529 1676 ex
545 1606 698 1670 annalium
713 1607 930 1682 monumentis,
942 1621 1032 1688 atque
1044 1629 1080 1668 ex
1090 1615 1244 1691 regum20

12 1752 16 1768 ‚
95 1694 323 1760 cemmentariis
347 1694 554 1776 conquisierit:
577 1715 634 1778 ego
662 1691 804 1756 omnibus
830 1695 905 1756 meis
919 1692 1038 1778 opibur‚
1059 1695 1202 1758 omnibus

95 1783 240 1859 confiliis,
254 1782 397 1844 omnibus
408 1782 498 1860 diffie
507 1796 599 1864 atque
609 1779 699 1842 sanis
711 1779 904 1868 repugnlrim
919 1788 945 1844 8<
963 1781 1121 1843 restiterim
1133 1803 1202 1844 cru-
1240 1798 1243 1808 ’

95 1871 241 1934 delirati?
264 1869 330 1933 Nisi
356 1870 434 1932 forte
448 1869 526 1952 hanc
542 1889 556 1918 c
574 1868 779 1929 conditionem
805 1869 889 1932 uobis
904 1867 961 1932 esse
986 1869 1086 1944 vultis,
1109 1892 1202 1953 quam

12 2032 14 2043 .
93 1957 183 2034 servi,
207 1957 384 2022 [ilibertatis
395 1956 478 2041 spem
493 1955 673 2040 propositam
689 1978 751 2017 non
767 1957 923 2030 haberent,
933 1956 1016 2039 *ferre
1031 1959 1115 2020 nullo
1137 1980 1203 2020 mo-

95 2049 137 2110 do
152 2047 281 2131 pollent.
304 2046 418 2108 Misera
432 2043 475 2106 est
490 2042 655 2130 ignominia
667 2044 851 2128 judiciorum
867 2044 1071 2128 publicorum,
1091 2044 1244 2130 misera25

95 2139 111 2185 ⁴¹
128 2132 274 2197 multatio
287 2133 449 2209 bonorum,
470 2133 611 2195 miserum
627 2131 770 2193 exilium:
793 2131 843 2194 sed
858 2147 958 2194 tamen
975 2133 1005 2194 in
1027 2134 1111 2194 omni
1126 2133 1204 2196 caln-

95 2225 205 2284 mitate
229 2223 376 2285 retinetur
399 2221 522 2303 aliquod
546 2218 705 2302 vestigium
735 2219 901 2295 libertatis,
930 2241 1011 2282 mors
1026 2221 1156 2304 denique
1182 2221 1203 2282 si

95 2313 293 2395 proponitur,
307 2307 444 2372 libertate
455 2305 634 2381 moriamur,
650 2306 783 2370 carnifex
795 2328 866 2369 vero
883 2312 913 2370 dr
924 2307 1071 2370 obductio
1085 2309 1202 2391 capitis,

96 2404 128 2462 dr
162 2418 279 2461 nomen
316 2396 413 2481 ipsum
443 2396 552 2472 crucis,
574 2394 658 2469 ablit,
680 2417 742 2457 non
766 2397 857 2459 modo
889 2394 907 2459 l
939 2418 1063 2481 corpore
1092 2397 1204 2459 civium

97 2486 238 2549 Roman.
254 2485 304 2548 sed
321 2486 411 2547 etiam
427 2485 650 2571 lcogitatione,
671 2483 780 2559 oculis,
803 2484 934 2546 auribus.
979 2484 1099 2546 Harum
1119 2484 1247 2547 enimsso

96 2574 243 2636 omnium
272 2594 376 2636 rerum
397 2594 459 2635 non
474 2570 572 2635 solum
602 2584 739 2646 eventus,
773 2586 864 2653 atque
892 2568 1048 2654 perpellio,
1071 2570 1120 2631 led
1150 2572 1206 2632 eti-

96 2685 152 2727 am
182 2662 331 2737 conditio,
353 2660 536 2746 expellatio,
559 2657 712 2719 ementio
735 2656 795 2741 ipsa
824 2658 966 2740 denique,
989 2658 1111 2742 indigna
1140 2657 1205 2723 cive

98 2749 250 2813 Romano
264 2743 357 2834 atque
370 2748 495 2811 homine
515 2746 609 2809 libero
620 2742 674 2807 est.
720 2748 773 2807 An
796 2766 867 2809 vero
891 2745 989 2809 servos
1012 2744 1128 2809 nostros
1150 2746 1205 2809 ho·

140 2944 159 2977 ³
177 2928 211 2988 in
233 2925 435 3007 comparatione
444 2922 622 3015 facultatum
654 2932 780 2982 tuarum.
825 2925 927 2984 barre.
972 2922 1074 2986 charo
1091 2922 1203 3011 sortem.

92 3018 110 3065 d
122 3014 289 3099 publicatio.
334 3014 497 3097 recogitatio.
578 3063 580 3066 .

122 3196 151 3240 ¹7.
179 3188 347 3247 briderium]
364 3192 443 3237 Tunto
462 3190 541 3237 dolore
559 3188 660 3235 affectus
691 3201 738 3246 que
756 3188 857 3247 publicae
874 3172 1004 3237 retinendae
1021 3194 1100 3245 causi,
1129 3188 1159 3235 nb
1183 3189 1249 3239 initio

89 3263 128 3303 est
148 3256 182 3302 de
199 3262 277 3303 morte
296 3256 460 3302 Gracchorum
476 3268 532 3315 pop.
550 3254 620 3300 Rom.
631 3256 660 3297 ut
690 3266 770 3297 renim
786 3254 856 3299 Rom.
868 3266 940 3313 usque
959 3256 990 3301 ud
1005 3256 1033 3303 P.
1055 3252 1164 3300 Mucium
1185 3256 1249 3303 Pon-

90 3323 243 3376 Ploturchut
252 3327 343 3368 emerat
362 3319 548 3374 ineommvitt,
565 3323 659 3364 nectos
690 3316 781 3363 tillcern
800 3319 869 3363 Max.
897 3318 1008 3364 Por-nisex
1026 3319 1091 3364 enim
1117 3314 1196 3364 Max.
1213 3332 1250 3365 res

90 3385 153 3459 ipria
165 3385 335 3432 mmmmm
346 3385 371 3429 iu
382 3384 525 3431 oodemluco
531 3383 572 3429 ubi
583 3383 657 3429 iuter-
689 3394 773 3489 gnrpes
788 3380 933 3440 silignlonun
943 3396 1058 3429 annorum
1076 3383 1206 3431 mandabat
1221 3384 1248 3431 ll·

88 3450 351 3576 bcllluzlloquentr’oj
368 3499 453 3561 Cicero
463 3512 487 3559 in
503 3512 580 3559 Clulis
593 3512 657 3558 Ora·
716 3460 762 3558 Ιέό.
787 3508 829 3557 Eo
848 3526 922 3571 regum
944 3508 1127 3567 commentariis.)
1151 3512 1250 3559 Constat

88 3580 186 3628 toribus
221 3580 265 3635 uit,
289 3577 318 3627 0.
337 3579 442 3627 armon
477 3576 600 3639 pleruorem
631 3580 657 3627 oi·
689 3574 867 3631 exuitionis.
889 3577 1003 3634 LRegeo
1024 3578 1143 3623 Romanos
1157 3576 1187 3622 do
1203 3576 1250 3623 suis
1308 3620 1312 3635 ,
1395 3568 1402 3581 “

90 3642 225 3689 uberiorem
255 3644 288 3691 od
317 3641 435 3689 demum
461 3640 580 3688 Oratorem
604 3646 658 3687 ante
689 3640 759 3685 rebus
776 3640 856 3699 gentis,
885 3645 929 3687 out*
944 3639 1076 3687 constitutis
1094 3642 1249 3687 Commenta-

88 3722 143 3753 σω
163 3708 253 3753 mollum
271 3707 354 3766 fiune.
394 3704 487 3753 Laudat
503 3720 559 3752 vero
580 3708 657 3751 Grac·
690 3704 737 3750 rios
747 3703 874 3763 scripsisse,
894 3703 917 3749 iu
928 3719 974 3765 qno
982 3704 1103 3763 probabile
1111 3712 1147 3751 est
1162 3705 1248 3751 eoelu-

88 3773 179 3826 enum,
205 3772 262 3832 (μὴ
279 3772 383 3819 libenter
397 3768 447 3830 ejus
461 3768 542 3817 lauden
559 3771 659 3830 populus
691 3766 866 3816 ieoeimitatum
878 3768 1006 3815 Cursarem.
1099 3806 1103 3811 .

89 3836 218 3883 micon
724 3835 764 3880 25.
781 3832 924 3881 Judiriornm
943 3830 1101 3895 pullicorum.)
1121 3834 1148 3881 ln
1154 3832 1250 3892 judiciis

125 3903 167 3949 16.
181 3899 299 3947 Censori:
307 3897 660 3964 legralssuiltrucavebuturne
691 3896 793 3959 publicis
802 3896 919 3958 decapite
930 3897 1017 3947 civium
1036 3898 1158 3958 ugebntur,
1175 3898 1198 3943 δι
1210 3911 1250 3943 eo-

89 3964 207 4011 rumit'ex
218 3962 277 4011 civis
284 3966 354 4012 Rom.
372 3969 443 4019 esset,
459 3977 491 4009 ne
502 3962 527 4011 in
539 3964 589 4009 soro
599 3978 657 4009 con-
689 3976 743 4010 nun
751 3960 862 4009 executio
877 3962 961 4024 cuique
972 3978 1004 4011 ex
1015 3966 1101 4024 populo
1112 3960 1248 4011 committo

88 4031 239 4089 spir-eretur,
264 4043 324 4077 nove
344 4029 370 4075 in
384 4028 443 4075 urbe
457 4026 603 4075 domicilium
614 4028 657 4073 ltu-
690 4026 767 4075 batur.

88 4092 171 4143 beret
572 4137 576 4151 ,
723 4092 768 4139 32..
783 4086 908 4146 conditio.)
926 4092 1016 4139 Misera
1027 4092 1108 4139 illuest
1114 4088 1217 4139 conditio
1225 4088 1250 4137 in

125 4160 169 4206 20.
191 4156 323 4206 Annalium
342 4154 511 4214 munumina]
544 4158 583 4203 Ex
605 4156 657 4205 Ci'c.
690 4159 737 4217 qua
758 4155 841 4217 aliquis
865 4156 897 4202 ita
915 4155 982 4213 vivit,
1000 4161 1026 4201 ut
1044 4156 1069 4203 in
1091 4169 1147 4205 eum
1164 4152 1250 4203 cadere

86 4222 133 4269 tib.
159 4227 183 4270 2.
206 4223 238 4269 de
259 4220 575 4269 oratornflutoriunihil
593 4222 657 4269 aliud
689 4218 960 4283 mppliciisenilisnota
968 4218 1049 4281 possit.

86 4287 138 4335 ὑπ’
162 4287 295 4337 Annum
313 4285 441 4345 confectio,
469 4285 504 4336 rei
521 4285 655 4335 menone-
