2825 4775
350 213 526 322 omno
544 243 635 314 rno
657 246 706 312 u.
729 241 898 314 contro.
1179 256 1255 346 asa

144 371 241 448 vm:
252 381 357 467 Atque
375 382 491 458 scitote,
502 383 631 470 judicer,
645 401 695 445 eas
710 369 900 466 cupiditates,
920 400 995 464 quae
1014 379 1200 466 objiciuntur
1224 389 1241 445 l

1398 96 1402 242 l

102 465 217 548 coeuo,
231 486 322 555 atque
336 472 402 536 baec
417 471 522 548 studia,
536 472 574 534 de
589 469 699 553 quibus
707 469 838 553 disputo,
859 489 922 532 non
932 467 1020 532 facila
1034 469 1066 530 iu
1091 471 1201 535 eodem
1300 485 1303 489 '
1400 452 1402 473 ¹

101 551 229 622 bomine
240 559 297 622 effe
305 559 404 644 poise3
428 557 494 621 fieri
507 558 590 624 enim
601 579 663 620 non
678 555 788 642 potest,
803 571 837 620 ut
855 557 975 620 animus
988 555 1105 619 libidini
1115 558 1201 622 dedi-

104 657 168 722 tus,
191 667 304 722 amore,
318 645 472 722 desiderio,
496 644 673 730 cupiditate,
688 644 766 728 saepe
780 643 873 707 nimia
883 645 980 728 copia,
994 643 1095 728 inopis
1108 645 1201 710 etiam
1251 719 1257 730 ι

101 753 324 816 nonnunquam
338 733 513 818 impeditus,
527 733 585 796 hoc
608 732 756 817 quicquid
769 731 824 808 est,
849 733 932 814 quod
946 751 1002 793 noa
1015 730 1144 796 facimus
1168 733 1201 797 in

101 819 244 897 dicendo,
255 843 317 884 non
328 818 422 886 modb
436 822 566 906 agendo,
579 823 684 882 verbm
706 819 798 882 etiam
818 819 992 904 cogitando,
1015 818 1103 902 possit
1116 820 1247 884 sassi-8
1335 914 1339 928 .

97 926 184 970 nere.
229 909 281 970 An
296 929 348 972 voe
356 909 446 972 aliam
457 907 577 972 causam
592 907 649 971 effe
660 908 753 968 ullam
762 907 887 988 putatia,
899 906 973 971 crim
983 906 1016 970 in
1024 907 1114 970 tantia
1124 929 1204 991 prae-

98 994 173 1056 miis
188 996 379 1078 eloquentie,
391 1003 473 1060 tanta
483 996 637 1078 voluptate
652 994 784 1069 dicendi,
797 990 882 1056 tanta
894 993 996 1069 laude,
1006 990 1203 1079 tautiglorib,

96 1093 187 1144 tanto
209 1081 335 1160 bonore,
350 1097 413 1146 tam
425 1083 482 1145 bnt
495 1081 596 1166 pauci,
611 1080 789 1163 semperque
808 1078 934 1156 suerint,
957 1081 1011 1163 qui
1029 1079 1063 1142 in
1076 1080 1134 1143 hoc
1159 1082 1203 1145 la-

97 1167 176 1232 bore
190 1169 367 1234 versentur?
391 1169 579 1232 Omittendae
594 1167 663 1230 sunt
673 1187 780 1230 omnes
790 1167 980 1251 voluptates:
1002 1167 1250 1250 relinquendalo

98 1253 200 1319 sludia
222 1257 453 1322 dcledlationia:
475 1256 576 1329 ludus,
588 1256 687 1340 jocus,
703 1252 886 1330 convivium,
908 1252 1006 1317 sermo
1020 1254 1110 1317 etiam
1125 1262 1203 1339 penb

96 1344 240 1407 omnium
253 1343 448 1408 samiliarium
468 1342 666 1406 deserendus:
689 1363 758 1424 quae
772 1361 820 1425 ree
844 1343 877 1406 in
897 1341 956 1405 boc
979 1363 1090 1427 genere
1103 1341 1204 1406 bomi-

97 1450 158 1492 nea
179 1438 194 1494 'a
218 1425 331 1506 labore,
354 1429 513 1512 studioque
537 1429 657 1492 dicendi
670 1429 821 1504 deterret3
835 1448 851 1479 ε
866 1449 929 1492 non
939 1451 1002 1512 quo
1016 1443 1069 1492 aut
1082 1429 1114 1492 in
1134 1431 1204 1494 enia

97 1515 260 1595 deficiant,
275 1531 328 1581 aut
342 1515 480 1579 dodlrina
494 1517 626 1600 puerilia.
672 1517 725 1578 An
738 1515 833 1593 bic,si
847 1514 909 1579 sese
921 1513 970 1578 isti
983 1517 1052 1581 vitae
1067 1517 1087 1578 d
1158 1532 1201 1596 et,

92 1605 290 1668 consularem
301 1603 467 1676 bominem
479 1605 642 1678 admodum
658 1603 830 1668 adolescens
844 1605 876 1667 in
897 1603 1048 1688 judicium
1066 1606 1248 1669 vocavis-15

92 1691 145 1756 set
159 1691 172 1754 l
187 1691 249 1768 hic,
261 1691 281 1754 fi
294 1691 426 1754 laborem
435 1690 565 1776 sugeret,
577 1691 597 1752 si
608 1689 983 1775 obstridluaroluptatibus
993 1705 1156 1769 teneretur,
1167 1694 1201 1757 in
1222 1689 1225 1696 ’

90 1777 157 1842 lrac
174 1778 237 1841 acie
253 1778 387 1862 quotidie
398 1776 587 1841 versaretur?
610 1791 766 1862 appeteret
779 1778 975 1842 inimicitiae?
996 1779 1030 1841 in
1048 1779 1201 1863 judcium

96 1864 248 1930 vocaret?
271 1865 383 1929 subiret
402 1865 570 1949 periculum
585 1864 715 1950 capitia?
737 1864 801 1950 ipso
812 1865 998 1949 inspedlante
1008 1865 1122 1950 populo
1132 1867 1201 1930 Ro-
1253 1882 1255 1895 '

94 1973 204 2030 mano,
218 1967 264 2016 tot
279 1951 396 2016 menses
411 1966 464 2014 aut
477 1953 516 2014 de
538 1951 643 2030 salute,
667 1968 720 2016 aut
734 1952 772 2016 de
795 1954 889 2038 gloria
910 1952 1090 2016 dimicaret?
1110 1953 1199 2018 Nihil

92 2041 191 2125 igitur
202 2041 252 2102 illa
261 2034 398 2104 vicinitas
408 2040 525 2102 redolet
537 2037 550 2102 l
572 2039 650 2104 nihil
662 2039 823 2104 bominum
834 2038 916 2104 sama
928 2040 940 2103 l
963 2039 1039 2104 nihil
1048 2037 1245 2108 Baiaed‘e-sso

91 2127 191 2212 nique
202 2127 272 2212 ipsae
283 2123 474 2211 loquuntur?
499 2126 558 2190 illae
566 2125 640 2192 verb
658 2148 722 2191 uon
735 2128 902 2210 loquuntur
909 2126 1016 2203 solbm,
1026 2131 1198 2193 verbmti-

90 2235 144 2278 am
162 2214 333 2300 personant,
342 2214 403 2278 huc
413 2213 503 2277 uniua
514 2215 649 2278 mulieris
656 2213 814 2278 libidinem
826 2219 842 2264 b
857 2214 915 2278 effe
929 2214 1108 2299 prolapsam,
1117 2231 1198 2281 utea

92 2315 161 2368 non
174 2299 268 2365 modd
283 2301 486 2379 solitudinem,
500 2325 536 2367 ac
551 2303 700 2377 tenebras,
709 2316 800 2385 atque
813 2301 880 2367 baee
891 2299 1073 2388 flagitiorum
1088 2323 1102 2355 c
1118 2303 1200 2368 inte-

93 2404 242 2476 gumema
255 2412 319 2453 non
334 2404 460 2475 quaerat,
474 2390 526 2453 sed
540 2390 571 2453 in
586 2390 759 2475 turpissimis
772 2391 863 2454 rebus
873 2389 1201 2475 frequentiffimscele-
1254 2446 1258 2451 ,

91 2478 203 2541 britate
216 2482 245 2541 ἃ
261 2476 417 2542 clariffima
430 2478 499 2541 luce
509 2479 639 2542 laetetur.
664 2476 786 2541 Verum
797 2478 896 2560 fiquia
906 2476 1018 2559 est,qui
1025 2478 1117 2541 etiam
1126 2486 1243 2544 meaa

92 2564 222 2629 retriciis
247 2565 399 2629 amoribus
413 2562 612 2629 interdictum
631 2564 786 2649 juventuti
810 2579 909 2647 putet,
931 2564 976 2627 est
1001 2564 1051 2627 ille
1068 2563 1196 2647 quidem

92 2652 182 2715 valde
197 2650 329 2730 severum
344 2673 383 2715 ne
405 2673 455 2715 are
469 2651 671 2737 nonpoffum3
686 2650 738 2714 sed
749 2650 891 2715 abhorret
903 2672 966 2714 non
979 2646 1073 2713 modd
1087 2649 1126 2714 ab
1135 2650 1195 2715 hu·

90 2740 144 2827 jus
158 2738 250 2803 seculi
273 2675 405 2817 licentis,
427 2742 530 2802 verbm
546 2738 637 2801 etiarn
659 2738 841 2823 amajorum
856 2737 1082 2815 consuetudine,
1101 2752 1196 2825 atque

92 2832 109 2879 d
126 2825 284 2903 conceffia3
300 2828 422 2912 quando
436 2826 520 2889 enim
533 2824 591 2889 hoc
606 2846 668 2889 non
679 2824 800 2888 fadum
813 2824 880 2889 est?
896 2826 1018 2909 qnando
1031 2826 1194 2909 repreben-

92 2911 185 2977 sum?
208 2915 331 2997 quando
340 2906 402 2977 non
413 2911 611 2998 permissum?
633 2914 756 2997 quando
769 2913 901 2996 denique
909 2912 982 2990 suit,
994 2928 1040 2992 ut,
1055 2914 1139 2997 quod
1154 2916 1238 2980 li-so
1272 2958 1277 2965 ·

95 3014 158 3079 cet,
166 3022 230 3065 non
240 2999 368 3067 liceret?
382 3000 445 3065 Hic
460 3002 589 3088 egojarn
598 3021 663 3064 rem
674 3000 1004 3079 definiamzmulierem
1012 3001 1194 3068 nonanno-

134 3220 151 3254 ⁸
166 3186 310 3289 mapula.
355 3198 525 3290 bdevmtffi.
570 3200 797 3300 coccultationes.
840 3204 943 3287 ‹lquae
956 3201 1150 3266 conceduntur.

124 3376 147 3429 l.
176 3379 230 3429 Eae
246 3376 402 3443 cupiditates]
443 3378 585 3440 Voluptatea
622 3379 646 3425 ἃ
677 3386 797 3427 curatores
813 3380 947 3440 potantium
961 3377 1107 3435 inimicitiae,
1123 3381 1236 3432 cumana

89 3444 201 3496 libidines
223 3458 271 3493 non
292 3450 390 3505 ponant
405 3456 457 3491 aare
477 3458 534 3492 eum
554 3444 583 3491 iit
596 3446 646 3489 κυ-
663 3441 825 3502 -injudiciun
835 3444 962 3491 vacabant.

87 3508 143 3568 diis,
162 3524 217 3569 qun
231 3510 262 3556 ad
273 3508 427 3557 Rhetorieam
442 3507 466 3553 dt
486 3506 648 3569 eloquentiam
713 3510 752 3555 18.
773 3506 863 3553 subiret
878 3506 1002 3568 perieulum
1017 3503 1120 3569 capitia]
1151 3506 1235 3556 &abire

87 3574 221 3637 pertinent
445 3606 447 3609 ψ
575 3612 577 3617 .
679 3569 767 3630 capitit
783 3570 917 3631 perieulum
933 3570 1021 3617 dicimr
1042 3574 1174 3629 acuantur,
1193 3572 1236 3634 qui

124 3638 162 3687 tt.
179 3632 418 3700 Docta-immisse]
449 3638 498 3684 Per
513 3635 648 3684 doctrinam
679 3634 1236 3697 calnmuinpericohrmaubit3oamcalnmnin

87 3701 647 3765 poedlemautipmllbetorioaeproeeoptionea,
679 3692 1036 3760 damnatoaeaquimrinsamia.

87 3772 127 3816 vel
137 3764 216 3828 ipsam
242 3764 439 3815 Grammaticam
451 3764 570 3827 intelligit,
589 3778 649 3825 quaa
714 3764 750 3811 lb.
763 3762 816 3826 Ipso
824 3763 961 3825 inspectante
966 3762 1048 3826 populo
1054 3762 1138 3823 Runa]
1146 3767 1175 3813 ln
1185 3764 1236 3813 son

87 3826 258 3881 neceneectl
277 3830 380 3892 mentia
396 3829 539 3892 comparari,
560 3828 649 3890 utquia
679 3826 813 3875 habebimur
821 3825 999 3887 mejudicium,
1015 3828 1056 3876 ubi
1071 3829 1235 3891 bqoenrad·

87 3894 281 3943 Oratorevadat.
679 3892 946 3954 usepopmnauolebat„

123 3963 163 4009 15.
172 3958 319 4007 anunm
328 3955 458 4015 lomim]
466 3959 495 4007 C.
508 3956 648 4015 Antonium,
715 3959 752 4005 19.
775 3954 841 4004 Nihil
855 3957 927 4021 igitur
947 3957 989 4005 illo
1005 3958 1111 4006 vicinitus
1131 3952 1236 4011 redolet]

87 4026 129 4085 qni
142 4023 274 4072 'Ciceronis
296 4022 321 4070 ln
340 4024 470 4072 Conmlatu
486 4024 578 4083 misego
593 4022 648 4079 suit,
681 4020 765 4078 luat,
776 4022 903 4069 nondebet
915 4022 997 4069 venire
1007 4024 1031 4070 in
1041 4018 1235 4082 nupiciooetnli·

89 4088 178 4137 &uos
186 4086 443 4148 vocavitinjodicium.
678 4083 764 4132 bidinir
778 4085 1023 4147 celim,quivieinua
1046 4084 1135 4134 clodia
1150 4083 1175 4129 in
1186 4082 1235 4128 Pa·

124 4154 164 4200 17.
176 4150 207 4198 sn
220 4153 263 4201 bae
277 4148 346 4209 acin]
367 4152 395 4199 ld
405 4148 549 4211 aeruminis·
559 4150 646 4197 &cau-
678 4150 737 4195 latio
745 4150 895 4199 habitaverit.

87 4215 121 4263 da
131 4216 277 4276 stuendbnn
286 4216 411 4265 translatio
418 4220 432 4261 a
439 4213 613 4275 gladiatoribus.
713 4216 753 4260 20.
767 4211 832 4261 Nili!
841 4212 930 4275 um]
946 4213 1115 4276 Navigationet
1124 4208 1150 4259 in
1160 4211 1235 4276 bortil

117 4280 160 4331 lb.
178 4281 307 4346 Appeteres
322 4276 648 4338 inimicitiamlsubibautac-
680 4290 738 4325 cum
748 4278 838 4329 clodia
937 4339 940 4348 .
981 4288 985 4294 “
