2825 4775
143 485 424 606 Mnuci
454 488 743 645 Tumn
777 502 1237 636 emmonis

503 827 884 935 VITA

642 1106 744 1161 PER

307 1312 469 1379 ANNOS
492 1314 812 1389 CONSULARES
832 1324 1052 1408 DIGESTA,

137 1544 289 1629 Partim
311 1580 353 1631 ea
376 1552 593 1644 Plutarclw,
627 1562 768 1656 partim
790 1586 833 1636 ex
853 1560 1037 1654 Fabricio,
1077 1566 1254 1669 Pighio„

397 1666 545 1767 aliisque
562 1667 807 1771 Scriutorihus
818 1672 974 1749 collecto.

344 1947 348 1961 '
761 1978 780 2025 a

367 2096 519 2171 ANNUS
541 2110 673 2177 URBIS
695 2105 910 2175 CONDITAE
931 2110 1005 2174 647.

111 2218 179 2307 Coffi
191 2216 238 2305 ‚⁶23
251 2216 372 2281 Servilio
387 2222 514 2301 capione,
528 2226 562 2286 C.
578 2223 679 2285 Anido
694 2222 824 2298 Serrano,
843 2239 907 2286 ante
922 2224 1063 2309 Chrssam
1075 2240 1172 2288 natum
1185 2234 1255 2291 105.

199 2326 348 2403 ICERO,
361 2326 508 2392 Romana
524 2329 702 2412 eloquentiae
718 2332 867 2415 princeps,
888 2331 946 2396 hoc
969 2355 1047 2398 anno
1062 2337 1183 2420 Arpini,
1197 2353 1257 2400 ter-

224 2419 268 2481 tio
278 2417 294 2482 J
297 2416 422 2491 anuarii,
432 2433 519 2480 natus
531 2417 573 2479 est
585 2433 681 2480 matre
690 2415 810 2494 Helvia,
821 2434 904 2502 patre
916 2421 963 2482 M.
975 2421 1078 2485 Tullio
1094 2446 1131 2486 ex
1150 2425 1256 2506 eques-

109 2505 151 2568 tri
163 2505 282 2582 ordine,
305 2523 397 2586 quem
415 2527 453 2568 ex
477 2506 561 2590 regio
586 2503 767 2567 Volscorum
797 2505 940 2592 languine
965 2509 1112 2592 originem
1140 2512 1257 2573 traxisse

108 2592 243 2656 scribunt
270 2589 461 2670 Plutarchus,
485 2595 514 2654 ἃ
544 2591 635 2656 Silius
664 2593 786 2656 Italicus
814 2591 866 2654 lib.
891 2601 920 2654 8.
943 2608 974 2654 et
995 2615 1090 2678 genus
1112 2597 1193 2657 illius
1217 2599 1256 2659 ad

108 2679 250 2742 Tullium
263 2681 402 2743 Atticum
413 2679 599 2743 Volscorum
613 2700 717 2766 regem
727 2677 874 2740 referunt.
919 2681 963 2740 At
976 2679 1009 2741 id
1023 2701 1062 2744 ne
1087 2683 1255 2768 cogitaviffe

111 2768 239 2849 quidem
253 2765 360 2830 Cicero
373 2765 502 2842 videtur,
525 2766 638 2828 nedum
653 2765 815 2828 credidiffe.
860 2765 933 2828 Non
958 2766 1039 2828 enlm
1065 2768 1106 2832 ita
1130 2771 1256 2832 laudum

111 2852 236 2915 suarum
250 2853 395 2917 abstinens
407 2855 477 2930 luit,
500 2867 534 2914 ut
549 2853 579 2915 id
594 2853 632 2915 de
644 2853 673 2916 se
688 2852 872 2936 praeterierit.
917 2853 963 2916 Ex
981 2857 1104 2919 nomine
1119 2859 1176 2932 avi,
1201 2860 1255 2940 qui

109 2939 160 3002 M.
176 2939 296 3004 Tullius
310 2941 419 3006 Cicero
433 2939 672 3024 nuncupabatur,
683 2955 807 3004 vocatus
831 2940 886 3017 est,
908 2960 970 3024 quo
984 2942 1062 3020 vivo,
1085 2944 1125 3019 se,
1147 2943 1198 3006 lib.
1223 2951 1254 3007 2.

107 3028 149 3090 de
159 3027 304 3116 Legibus,
326 3045 432 3093 natum
455 3031 505 3094 ait.
549 3026 638 3092 Pater
664 3030 729 3114 ejus
749 3028 840 3090 nullis
865 3029 1047 3114 dignitatum
1072 3032 1255 3094 ornamentis

108 3115 238 3178 domum
252 3115 336 3179 suam
351 3117 519 3191 illustravita
542 3111 614 3178 crim
640 3119 723 3178 enim
742 3111 863 3177 infirmia
875 3117 1045 3180 valetudine
1060 3119 1140 3194 elset,
1162 3119 1255 3180 vitam

108 3203 257 3286 privatam
284 3204 367 3269 domi
385 3205 418 3266 in
432 3205 525 3267 literis
540 3202 612 3287 egit,
644 3203 695 3266 ubi
711 3201 870 3265 fulloniam
884 3203 1046 3267 exercuiffe
1060 3205 1184 3268 dicitur:
1206 3205 1254 3269 hie

106 3289 178 3372 ipfis
192 3287 271 3352 Coff.
298 3289 369 3354 &se
381 3307 486 3356 natum
501 3291 569 3366 elle,
594 3294 623 3354 δι
637 3289 673 3352 L.
697 3289 833 3354 Crallum
848 3290 946 3375 legem
957 3289 1114 3353 Serviliam
1129 3293 1252 3370 sualilse,

106 3375 141 3438 in
155 3377 252 3440 Bruto
267 3378 351 3453 dicit,
373 3377 485 3462 quiade
501 3378 760 3443 communicandis
774 3399 845 3441 cum
859 3375 974 3440 Senatu
994 3381 1023 3440 a
1040 3380 1191 3462 equitibus
1202 3383 1254 3464 ju-

88 3463 195 3546 ,dicits
209 3465 362 3550 agebatur.
401 3467 516 3530 Eodem
531 3479 621 3540 anno,
632 3486 742 3542 novem
757 3465 907 3528 mensibus
918 3463 983 3548 post
998 3465 1189 3542 Ciceronem,
1200 3490 1254 3529 na-

106 3563 158 3613 tus
179 3550 222 3614 est
248 3549 413 3636 Pompeius
434 3575 575 3640 magnus,
598 3553 618 3615 fi
642 3552 684 3616 D.
705 3551 895 3638 Hieronymo
915 3553 996 3637 apud
1021 3553 1196 3632 Eusebium,
1221 3558 1251 3618 dc

107 3636 228 3702 Velleio
243 3641 411 3704 credamus.

362 3762 514 3882 nunus
536 3815 669 3882 onnia
691 3787 905 3882 connnAE
927 3823 1000 3880 en.

110 3927 178 4018 Coffi
182 3933 256 3996 Pub.
262 3933 373 3997 Rutilio
382 3935 470 4022 Rrffo,
476 3935 530 3998 Cn.
541 3933 727 4010 Malliacum
737 3933 878 4021 Chrssum
890 3941 961 3997 104.
975 3933 1114 3996 Ciceronis
1114 3931 1253 4019 secundus

152 4051 223 4117 Hoc
235 4075 315 4117 anno
323 4055 434 4138 duplex
444 4055 558 4118 bellum
568 4054 717 4118 Romanis
725 4055 861 4140 contigit,
870 4053 1025 4117 funestum
1033 4049 1253 4134 utrumque,al-

107 4155 207 4204 terum
217 4137 415 4222 inlnfitanit,
424 4141 477 4208 ubi
486 4139 577 4208 caesus
587 4142 905 4207 elleorumexercitua:
920 4137 1251 4208 annunciant-icum,
