2825 4775
172 234 212 297 xii
496 227 543 289 Μ.
564 221 717 289 TULLII
738 220 970 286 CICERONIS

172 378 264 439 quam
280 353 390 419 frustra
400 360 461 419 toti
476 358 576 421 aestate
587 369 793 443 oppugnatam
807 354 908 419 bieme
919 352 1009 437 cepit.
1031 353 1315 423 BellumCreticum

172 442 290 528 publice
305 438 482 508 austeritate
495 445 512 508 d
527 446 569 531 Ω.
586 446 715 507 Metello
725 442 906 507 Proconsule
920 454 1097 505 renovatum
1112 442 1165 506 est.

423 620 575 685 ANNUS
598 618 731 683 URBts
754 616 969 684 CONDITAE
989 624 1064 681 686.

173 756 240 845 Coff.
274 754 425 838 Culpmnio
451 755 558 842 Pisone,
593 756 647 819 M.
684 756 777 819 Acilio
807 756 966 833 Glabrione,
995 766 1062 819 ente
1083 755 1225 845 Christum
1262 764 1317 823 66.

549 836 687 906 Ciceronis
702 841 933 931 quadragestmus.

213 954 348 1019 Triarius
358 956 800 1041 legetusLuculliaMithridate
808 957 909 1021 vislus
917 956 1317 1043 est,8rcapteRomanorum

170 1040 274 1105 castra.
301 1040 465 1127 Pompeius
475 1040 589 1107 bellum
599 1042 764 1108 Piraticum
779 1044 921 1109 confecit.
947 1039 1018 1109 Hoc
1033 1067 1112 1111 anno
1127 1042 1244 1109 licitum
1258 1037 1319 1115 suit

170 1128 312 1195 Ciceroni
320 1146 482 1215 praeturam
491 1145 604 1215 petere,
616 1152 726 1217 nempe
734 1131 857 1197 biennio
871 1130 937 1218 post
952 1129 1139 1197 aedilitatem:
1153 1128 1225 1195 licdt
1237 1134 1319 1197 mul-

170 1220 217 1279 to's
225 1218 348 1283 haberet
355 1218 577 1303 competitores,
588 1216 698 1303 eosque
707 1220 785 1283 viros
797 1218 938 1296 illustres,
949 1234 1051 1283 tamen
1060 1218 1175 1306 primus
1186 1240 1223 1282 ex
1233 1216 1318 1299 osto,

170 1305 225 1388 qui
238 1320 305 1372 tum
317 1302 440 1383 fiebant,
452 1302 617 1369 incredibili
631 1308 725 1371 totius
733 1307 839 1393 populi
851 1306 1005 1373 voluntate
1013 1305 1206 1373 renunciatus
1220 1300 1273 1371 est.

424 1478 576 1542 ANNUS
599 1480 731 1542 URBIS
754 1481 968 1547 CONDrrAE
990 1482 1064 1548 687.

172 1615 239 1701 Cff
264 1616 316 1679 M.
341 1618 463 1681 AEmilio
475 1616 590 1703 Lepide,
605 1618 645 1681 L.
672 1618 791 1681 Volcatio
810 1618 898 1693 Tullo,
919 1634 984 1682 ente
999 1619 1141 1708 christum
1164 1627 1216 1685 65.
1241 1621 1319 1684 Cice·

525 1709 600 1769 renis
613 1705 836 1791 quadrogfimus
839 1708 962 1788 pomus.

216 1819 267 1881 Ad
296 1819 447 1882 Kalendas
466 1819 482 1884 J
485 1820 620 1883 annariae
640 1834 802 1920 proetutem
819 1819 888 1883 iniit
909 1814 1029 1914 Cicero,
1054 1821 1083 1881 a
1108 1815 1264 1900 quaestioni
1279 1821 1318 1881 de

170 1906 306 1991 pecuniis
336 1907 511 2054 repetundis
541 1906 671 1991 praesutt.
719 1904 838 1972 iudicia
862 1903 941 1969 casti
967 1902 1144 1990 integrique
1169 1906 1318 1967 exercuit:
1406 1917 1407 1928 ¹

171 1998 241 2055 clim
265 1993 347 2055 enim
397 1992 505 2057 iciniue
524 1994 641 2069 Macer,
664 1994 718 2077 qui
740 1994 870 2055 multbm
889 1994 921 2055 in
940 1992 1059 2056 civitate
1084 2006 1213 2075 poterat,
1235 1992 1318 2075 apud

170 2100 242 2141 eum
263 2080 334 2143 esset
359 2076 512 2143 accusatus
530 2082 568 2143 de
582 2080 719 2165 pecuniis
737 2081 923 2165 repetundis,
947 2080 977 2143 dc
998 2074 1099 2143 Crasso
1117 2093 1244 2162 patrono
1267 2076 1318 2141 ille

171 2179 317 2244 uteretur,
343 2166 480 2230 omnium
498 2167 651 2231 sententiis
677 2170 836 2231 damnatus
859 2164 913 2232 est.
937 2168 1014 2255 Quo
1027 2190 1065 2229 ex
1077 2166 1193 2251 judicio
1217 2160 1318 2229 multi)

171 2254 316 2317 rna‘orem
331 2254 470 2317 frustum
485 2277 521 2317 ex
537 2256 641 2338 populi
655 2254 873 2318 existimatione
888 2257 979 2337 cepit,
1030 2254 1102 2316 uam
1116 2274 1154 2315 ex
1172 2249 1274 2336 ipfiue,
1296 2246 1318 2315 li

172 2277 323 2405 absolutus
348 2342 430 2418 esset,
452 2340 547 2426 gratii
569 2339 754 2430 percepisset.
798 2336 881 2405 Cinn
909 2337 982 2405 verb
1047 2338 1154 2404 anisius
1178 2332 1318 2404 tribunus

172 2427 267 2513 plebis
281 2430 380 2514 legem
395 2431 615 2514 promulgasset,
638 2444 673 2492 ut
686 2428 800 2492 bellum
815 2421 1059 2493 Mithridaticum
1073 2423 1220 2512 Pompeio
1234 2445 1320 2492 com·

172 2517 353 2592 mitteretur,
369 2517 458 2601 eique
472 2515 695 2580 adversarentur
711 2517 753 2602 Ω.
769 2513 949 2580 Hortenfius
966 2522 995 2582 δι
1012 2514 1150 2592 Catulum
1164 2511 1220 2577 viri
1234 2511 1319 2578 Con-

171 2603 296 2681 sulares;
324 2604 432 2668 Cicero
447 2603 565 2668 Praetor
582 2627 649 2668 eam
679 2604 766 2666 suasit
783 2601 840 2667 hac
869 2603 1016 2679 oratione,
1045 2626 1115 2688 quae
1143 2596 1204 2665 Pro
1232 2598 1317 2687 Lege
1406 2612 1407 2617 ’

172 2691 299 2754 Manilia
308 2691 485 2756 inscribitur.
530 2691 679 2756 Defendit
712 2713 814 2774 uoque
833 2693 961 2754 Avitum
978 2692 1156 2756 Cluentium
1178 2688 1318 2753 veneficii

173 2779 253 2861 apud
272 2778 450 2840 Volcatium
475 2792 645 2861 praetorem.
690 2715 779 2841 ilixit
804 2801 859 2863 pro
883 2777 932 2842 M.
954 2771 1124 2854 Fundanio,
1149 2780 1178 2841 8ι
1202 2777 1316 2840 Gallio.

172 2862 260 2928 Licet
270 2860 343 2925 verb
355 2863 484 2947 praeturit
494 2864 682 2950 fungeretur,
697 2880 800 2930 tamen
815 2866 946 2929 scholam
960 2866 1009 2930 M.
1033 2865 1162 2928 Antonii
1176 2863 1320 2948 Gnipho·

173 2953 220 3013 nis
241 2951 452 3032 frequentavit.
497 2953 641 3016 Extremo
666 2953 768 3015 mense
785 2952 878 3036 hujus
892 2955 973 3028 enni,
997 2951 1069 3016 edm
1091 2952 1232 3015 Ciceroni
1252 2954 1319 3036 jem
1406 2954 1407 3013 l

172 3039 300 3101 biduum
327 3053 379 3100 aut
401 3039 536 3102 triduum
561 3054 700 3124 praeturae
722 3039 891 3124 superesset,
913 3040 1080 3102 Manilium
1100 3039 1225 3122 quidam
1242 3037 1320 3102 furti

173 3125 252 3210 apud
275 3125 371 3208 ipsum
397 3125 565 3209 postulavit.
608 3125 756 3190 Studebat
770 3126 899 3189 Manilio
922 3128 1064 3211 populus,
1086 3127 1170 3209 quod
1184 3117 1320 3211 'propter
1406 3108 1407 3161 ἶ

173 3205 353 3296 Pompeium
365 3212 661 3278 accusatividerctur.
706 3212 789 3277 Cium
803 3213 895 3300 igitur
905 3210 1052 3278 Manilius
1062 3235 1160 3276 unum
1174 3211 1254 3276 diem
1264 3237 1320 3297 pe-
1406 3284 1407 3291 χ

173 3301 270 3375 tiilset,
285 3322 319 3362 ac
335 3299 445 3364 Cicero
458 3300 578 3364 tantum
590 3301 796 3385 insequentem
807 3303 941 3378 dedisset,
955 3301 1085 3386 populus
1099 3301 1221 3385 indigne
1232 3303 1319 3365 tulit:

174 3385 258 3470 quod
273 3407 339 3450 mos
353 3387 434 3464 esset,
446 3405 480 3452 ut
494 3391 598 3454 decem
611 3388 772 3452 minimum
784 3389 847 3452 dies
856 3386 1005 3454 Praetores
1015 3389 1073 3452 reis
1084 3387 1199 3451 darem.
1230 3385 1320 3474 Qua-

173 3497 206 3536 re
218 3475 384 3557 produdlus
399 3475 431 3536 in
446 3477 623 3540 concionem
636 3482 653 3540 *a
667 3474 795 3539 tribunis
809 3475 916 3560 plebia,
937 3476 1041 3559 ibique
1055 3475 1221 3550 accusatus,
1244 3475 1319 3541 etim

174 3559 299 3644 rogirlset
325 3577 359 3625 ut
374 3563 522 3641 audirent,
544 3565 630 3641 dixit,
653 3563 693 3640 se,
716 3563 769 3647 qui
787 3563 819 3624 in
836 3586 903 3626 reos
921 3563 1048 3648 semper,
1071 3567 1216 3648 quantum
1234 3562 1319 3647 legee

174 3647 392 3732 permitterent,
415 3653 509 3714 comis
527 3655 556 3714 a
569 3652 720 3714 humanus
734 3651 844 3726 fuilset,
862 3649 1023 3737 indignum
1034 3649 1188 3737 judicilse,
1207 3670 1268 3712 non
1284 3673 1319 3712 e-

176 3737 288 3799 undem
303 3737 332 3799 se
347 3737 475 3801 Manilio
490 3737 637 3823 praestare.
674 3737 779 3822 Itaque
795 3739 823 3801 ei
833 3737 926 3814 diem,
942 3761 1033 3822 quem
1048 3759 1145 3801 unum
1158 3735 1274 3801 Praetor
1284 3739 1320 3800 in
1406 3766 1407 3809 ς

173 3821 226 3884 sui
240 3823 397 3906 protestate
408 3824 541 3901 haberet,
556 3823 656 3890 dediti
666 3825 758 3910 operi
767 3824 966 3910 praefinivisse:
988 3825 1061 3890 ciem
1071 3847 1134 3888 non
1144 3825 1178 3886 lit
1188 3826 1319 3909 ejusqui
1406 3830 1407 3891 3

174 3911 216 3970 rei
232 3911 350 3973 causam
369 3913 508 3996 adjuvare
522 3915 604 3988 velit,
627 3914 665 3975 ad
684 3913 776 3976 alium
792 3909 997 3998 magistratum
1017 3913 1168 3998 judicium
1182 3912 1317 3996 rejicere.

174 3995 242 4058 Hac
261 3999 394 4062 oratione
412 4000 505 4064 animi
523 4001 627 4084 populi
642 4001 683 4063 ite
697 4001 876 4064 commutati
894 4001 975 4078 sunt,
997 4015 1032 4064 ut
1046 4001 1225 4064 Ciceronem
1244 4000 1319 4062 totis

174 4085 436 4150 acclamationibus
451 4087 600 4170 prosecuti
620 4103 770 4174 rogarent,
786 4101 820 4150 ut
835 4088 956 4152 Manilii
970 4086 1171 4172 patrocinium
1186 4085 1317 4170 suscipe.

175 4187 234 4251 tet,
258 4175 338 4260 quod
362 4175 411 4240 ille
435 4175 599 4260 prasertim
623 4175 663 4240 ob
686 4175 868 4262 Pompeium
883 4175 1035 4240 absentem
1059 4173 1168 4262 cupidi
1189 4174 1315 4263 recepit,
