2825 4775
529 249 589 319 DE
610 248 827 319 ΑΜΙΟΙΤΙΑ.
1115 272 1116 277 ¹
1158 266 1159 271 ¹
1198 260 1261 320 ate
1387 188 1388 219 i

125 406 256 473 quarum
268 385 385 454 nullam
401 383 509 469 probo:
531 406 635 461 unam,
652 397 687 447 ut
712 386 820 449 eodem
839 384 930 449 modo
943 404 1014 469 erga
1028 383 1160 452 amicum
1174 384 1221 449 af-

120 476 197 543 festi
220 475 322 553 sauna,
346 494 411 556 quo
423 494 493 557 erga
506 472 717 557 uosrnedpsoe3
733 475 867 548 alteram,
897 486 931 533 ut
945 472 1045 539 nostra
1057 473 1090 535 in
1107 474 1221 539 amicoa

121 560 330 630 benevolentia
364 561 484 624 illorum
510 582 582 645 erga
607 582 663 624 nos
684 558 901 627 benevolentiae
919 558 1028 643 pariter
1053 561 1221 642 aequaliter·
1244 568 1263 625 5

120 672 182 733 que
193 649 383 733 respoudeat:
404 648 534 725 tertiam,
548 662 595 722 ut,
614 649 720 729 quanti
740 647 865 730 quisque
885 646 1014 729 seipsum
1033 645 1117 725 iacit,
1145 650 1221 713 tanti
1245 680 1247 685 ·

121 736 175 805 fiat
189 738 228 805 ab
242 736 355 801 amicia-
396 734 519 799 Harum
527 735 621 800 trium
645 734 859 801 sententiarum
884 734 960 799 nulli
985 734 1104 817 prorsus
1128 736 1222 801 offen·

119 824 192 890 tior:
215 846 271 888 nuc
295 825 377 887 enim
405 823 457 887 ilia
484 822 581 906 prima
608 843 678 885 uera
705 822 761 897 est,
788 835 833 897 ut,
857 822 1114 904 quemadmodum
1138 823 1169 885 in
1192 824 1223 887 se

120 911 261 997 quisque,
286 911 324 975 fic
349 910 383 973 iu
404 908 537 973 amicum
560 908 594 972 sit
617 910 783 984 animatum
806 914 898 991 quam
927 909 1024 977 multa
1045 910 1138 984 enim,
1154 932 1222 992 quae

120 997 220 1066 nostre
242 1004 332 1063 cauae
361 1016 520 1079 nunquam
544 995 725 1073 faceremus,
756 996 884 1061 facimus
909 1001 998 1061 cauae
1033 996 1267 1061 amicorumilo

120 1086 236 1170 precari
255 1086 295 1149 ab
304 1083 442 1166 indigno,
465 1082 646 1167 supplicarea
669 1084 737 1149 tiam
759 1084 893 1149 acerbius
915 1084 947 1147 in
969 1082 1100 1166 aliquem
1112 1083 1224 1160 invehi,

120 1173 324 1255 insectarique
342 1170 563 1235 vehementius:
592 1194 661 1254 qnae
679 1172 711 1234 in
736 1170 843 1235 nostris
858 1170 948 1234 rebus
963 1192 1024 1234 non
1039 1170 1108 1237 satia
1129 1170 1225 1235 hone·
1270 1183 1274 1189 '

121 1259 178 1335 ste,
196 1261 229 1322 in
248 1260 416 1324 amicorum
434 1256 514 1321 fiunt
533 1258 747 1324 honestiffime:
766 1260 931 1341 multaeque
948 1278 996 1323 ree
1013 1257 1093 1335 sunt,
1108 1258 1140 1323 in
1157 1258 1226 1341 qui·

119 1348 180 1415 bus
198 1346 238 1411 de
251 1345 312 1409 suis
333 1346 502 1412 commodis
515 1345 571 1408 viri
588 1346 661 1409 boni
676 1348 772 1411 multa
787 1344 1158 1428 denahunt,.detrahique
1173 1368 1226 1430 pa-

121 1433 251 1509 tiuntur,
274 1447 310 1497 ut
331 1435 369 1498 iis
393 1433 483 1497 amici
507 1434 617 1517 potius,
638 1455 731 1516 quam
760 1433 814 1516 ipsi
835 1433 984 1499 fruantur.
1028 1434 1134 1499 Altera
1157 1433 1269 1499 sen-15

121 1520 218 1592 tentia
240 1520 295 1596 est,
314 1519 677 1605 que-definitamicitiam
699 1520 820 1603 paribus
838 1520 944 1583 officiis
958 1542 993 1584 ac
1007 1520 1225 1596 voluntatibusa

122 1608 182 1671 hoc
196 1608 322 1691 quidem
339 1609 488 1673 est-nimia
509 1606 617 1693 exigue
634 1613 664 1673 δι
686 1608 805 1673 exiliter
824 1608 862 1670 ad
884 1610 1015 1673 calculos
1029 1630 1136 1671 vocare
1151 1608 1227 1673 arni-
1269 1620 1271 1627 '
1289 1652 1295 1664 ι

123 1696 237 1772 citiam,
258 1711 295 1759 ut
315 1719 369 1780 par
392 1697 427 1759 tit
440 1696 516 1761 ratio
533 1709 726 1779 acceptorum
749 1698 779 1759 &
796 1695 945 1759 datorum.
986 1695 1178 1759 Ditiormihi
1195 1700 1225 1759 &

122 1784 421 1849 affluentiorvidetur
439 1783 499 1848 effe
523 1804 593 1846 vera
617 1783 761 1849 amicitia:
801 1804 857 1847 nec
894 1782 1047 1849 observare
1078 1782 1226 1859 restridie,

124 1893 164 1936 ne
184 1871 252 1953 plus
271 1872 387 1949 reddat,
410 1894 487 1955 qum
501 1872 671 1953 acceperim
697 1870 896 1952 nequeenim
915 1872 1082 1935 verendum
1103 1870 1157 1945 est,
1182 1876 1270 1933 ne20

123 1958 200 2042 quid
223 1959 351 2035 excidat,
373 1974 427 2039 aut
447 1981 487 2027 ne
502 1958 577 2040 quid
596 1956 627 2019 in
642 1972 753 2021 terram
768 1956 891 2033 defluat,
920 1970 973 2021 aut
987 1980 1025 2021 ne
1047 1960 1115 2041 pius
1138 1980 1228 2041 aequo

122 2046 199 2129 quid
227 2044 260 2107 iu
282 2046 446 2110 amicitiam
463 2060 655 2131 congeratur.
713 2044 837 2110 Tertius
853 2066 924 2109 vero
947 2046 997 2111 iiie
1015 2044 1084 2109 finis
1104 2046 1229 2109 deterri·

124 2154 207 2207 mus,
223 2148 268 2209 ut,
282 2135 390 2215 quanti
399 2134 527 2216 quisque
541 2131 641 2215 seipse
652 2132 754 2207 iaciat,
775 2131 851 2195 tanti
871 2130 924 2195 fiat
951 2131 989 2193 ab
1008 2132 1127 2207 amicie;
1150 2130 1228 2216 saepe

123 2220 438 2302 enirninquibusdam
448 2235 501 2284 aut
515 2220 634 2281 animus
644 2218 791 2302 abjectior
809 2218 865 2293 est,
876 2232 928 2281 aut
953 2218 1020 2301 spes
1042 2218 1230 2303 amplifican-

123 2309 173 2375 dae
192 2306 323 2371 fortunae
353 2307 494 2384 iradiiom
518 2328 582 2370 aon
605 2305 649 2370 est
667 2306 759 2390 igitur
778 2306 878 2380 amici,
905 2306 995 2371 talem
1016 2307 1073 2369 effe
1095 2306 1127 2369 in
1142 2310 1271 2382 eum,25

123 2394 284 2480 quatiente
295 2395 327 2458 in
345 2396 375 2459 se
393 2395 452 2460 est:
475 2396 526 2460 sed
540 2396 639 2478 putida
663 2395 737 2458 eniti
759 2397 788 2458 δε
813 2393 943 2469 efficere,
970 2408 1004 2455 ut
1018 2394 1107 2458 amici
1126 2395 1231 2480 jaccu-

123 2498 191 2552 tem
215 2481 352 2547 animum
376 2485 499 2560 excitet,
523 2484 707 2564 inducatque
725 2481 808 2566 spem
828 2479 1101 2565 cogitationemque
1124 2481 1232 2546 melio-

122 2591 202 2638 rem.
246 2571 339 2634 Alius
349 2571 441 2656 igitur
455 2570 525 2634 finis
538 2591 616 2634 verae
631 2569 771 2632 amicitie
786 2567 1012 2634 constituendus
1023 2568 1078 2645 est,
1100 2569 1121 2630 s1
1136 2569 1232 2653 priua,

125 2659 203 2742 quid
222 2657 354 2722 maxime
378 2658 598 2744 reprehendere
614 2655 718 2740 Scipio
743 2657 847 2720 solitus
871 2656 915 2730 fit,
952 2657 1083 2720 edixero.
1127 2655 1232 2741 Nega·

81 2783 87 2793 1
122 2747 179 2813 tut
200 2746 294 2809 ullam
312 2767 419 2809 vocem
442 2745 641 2811 inimiciorem
667 2744 806 2808 amicitie
826 2743 951 2827 potuisse
980 2743 1113 2826 reperiri,
1135 2750 1275 2828 quamso

120 2837 197 2921 ejus
222 2834 277 2914 qui
289 2833 416 2909 dixisset,
440 2834 482 2896 ita
491 2853 592 2897 arnate
614 2846 765 2915 oportere,
788 2845 823 2894 ut
852 2830 872 2892 fi
895 2832 1057 2912 aliquando
1079 2831 1150 2894 effet
1164 2830 1232 2895 osu-

123 2942 197 2997 nuu
221 2941 277 2983 nec
299 2918 371 2984 vero
387 2921 417 2984 se
432 2920 541 2984 adduci
560 2914 651 3004 peffe,
667 2933 702 2982 ut
716 2919 785 2994 hoc,
797 2919 1054 3002 quemadmodum
1065 2933 1231 3003 putaretur,

124 3017 145 3074 a
166 3007 272 3073 Biante
286 3009 345 3071 effe
359 3009 478 3074 dietum
493 3009 639 3084 crederet,
666 3007 720 3089 qui
745 3006 859 3090 sapiens
873 3005 992 3070 habitus
1015 3007 1084 3070 esset
1110 3029 1189 3070 unus
1214 3005 1232 3070 ὲ

124 3096 256 3178 septem,
271 3094 322 3158 sed
336 3096 448 3179 impuri
469 3095 637 3180 cujusdam¹
662 3108 715 3157 aut
729 3093 885 3168 ambitiofi,
908 3109 960 3156 aut
981 3094 1083 3158 omnia
1096 3096 1135 3158 ad
1149 3093 1232 3156 suam

125 3182 298 3268 potentiam
326 3184 495 3246 revocantia
525 3183 584 3246 effe
612 3183 800 3247 sententiam.
860 3181 1005 3266 Quonam
1031 3181 1112 3244 enim
1138 3182 1275 3243 mod035

124 3268 291 3352 quisqmm
305 3270 423 3332 amicus
437 3271 494 3332 effe
508 3265 630 3353 poterit,
650 3271 701 3333 cui
717 3270 746 3332 se
757 3268 875 3354 putabit
890 3268 1047 3333 inimicum
1062 3266 1120 3332 effe
1134 3267 1232 3352 poffe?

122 3355 298 3441 quiretiam
327 3357 443 3420 neceffe
468 3358 525 3420 erit
549 3378 660 3441 cupere
686 3361 715 3422 8<
747 3370 867 3440 optarea
900 3369 935 3419 ut
964 3363 1056 3438 qu'am
1081 3355 1234 3440 saepiffime

124 3458 239 3530 peccet
267 3444 396 3522 amicus,
425 3465 489 3526 quo
507 3445 609 3527 plures
627 3447 680 3508 det
695 3444 746 3507 fibi
758 3460 902 3527 tanquam
917 3441 1050 3506 ansasad
1074 3443 1236 3528 reprehen-

120 3533 281 3595 dendum:
311 3537 431 3597 rursum
459 3545 563 3597 autem
582 3530 667 3596 rene
688 3531 790 3608 factis,
816 3530 1043 3613 commodisque
1068 3531 1236 3596 amicorum

122 3620 245 3684 neceffe
270 3619 327 3681 erit
350 3621 433 3706 angi,
454 3620 567 3694 dolere,
592 3617 738 3684 invidere:
767 3641 860 3702 quare
873 3619 932 3682 hoc
952 3619 1076 3701 quidem
1099 3623 1279 3704 praecep-40

123 3721 210 3782 tum,
221 3705 429 3792 cujuscunque
443 3706 500 3783 est,
508 3707 548 3772 ad
558 3707 723 3772 tollendam
734 3707 899 3772 amicitiam
908 3707 996 3770 valet.
1040 3707 1120 3770 Illud
1135 3706 1240 3790 potius

122 3794 370 3882 praecipiendum
379 3795 452 3871 fuit,
480 3808 516 3858 ut
529 3815 597 3859 eam
611 3794 798 3880 diligentiam
820 3794 1031 3860 adhiberemus
1045 3795 1076 3857 in
1099 3790 1237 3858 amicitiis
1286 3805 1289 3814 '

123 3879 355 3964 courparaudie,
369 3898 405 3944 ut
415 3884 578 3967 nequando
604 3905 706 3948 amare
730 3883 1039 3966 inciperemuseum,
1066 3901 1158 3965 quem
1183 3879 1238 3942 ali-
1365 3885 1366 3890 ’

122 3969 261 4054 quando
279 3969 372 4034 odiffe
397 3970 561 4053 poffemus3
591 3971 759 4053 quinetiam
786 3970 806 4032 fi
836 3969 938 4034 minue
956 3970 1059 4034 felices
1084 3966 1238 4053 diligende

123 4056 304 4133 fuiffemue,
327 4055 489 4128 ferendum
504 4058 536 4122 id
549 4058 654 4144 Scipio
666 4055 779 4143 ponus,
802 4055 896 4144 quim
910 4055 1135 4124 inimicitiarum
1157 4059 1280 4119 tem-45

120 4143 548 4237 puuogieuuum,puubau
