2825 4775
306 230 478 296 ortano
500 230 546 295 nr
570 232 614 319 ρ.
637 230 878 298 erecturum.
1190 236 1236 295 rs

85 366 157 441 lint,
182 361 230 431 lic¹
244 362 433 439 criminibus,
460 367 490 427 δι
513 364 649 445 oratione
671 362 883 449 distinguere?
906 359 1050 435 Putas-‚ne
1072 375 1103 423 te
1125 358 1193 446 pos·

86 452 132 529 se,
155 452 186 512 id
202 451 288 533 quod
305 452 340 515 in
366 450 521 537 ejusmodi
541 473 600 514 reo
621 448 753 517 maxime
783 450 981 515 necessarium
1011 448 1067 525 est,
1080 447 1194 523 facere,

89 553 125 602 ut
140 560 210 621 quae
235 538 302 615 ille,
315 534 484 615 libidinose,
504 559 572 621 quae
594 539 719 615 nefaris,
745 560 814 621 qua:
829 538 990 601 crudeliter
1017 536 1135 611 fecerit,
1149 557 1184 598 ea
1193 540 1238 596 ι20

89 634 178 710 aeque
199 624 317 701 acerba,
340 630 369 690 δι
393 626 516 711 indigna
539 626 698 692 rideantur
718 628 776 689 effe
802 625 850 701 iis,
864 626 918 707 qui
942 625 1077 699 audient,
1103 638 1194 706 atque
1228 677 1232 687 .

89 712 152 775 illis
171 712 231 775 uisa
246 712 327 788 sunt,
357 713 410 796 qui
436 710 614 779 senserunt?
636 734 747 799 magna
772 713 841 775 sunt
865 734 912 788 ea,
926 734 997 794 quas
1013 712 1094 786 dico,
1117 709 1195 773 milri

91 800 205 876 crede,
227 800 293 862 noli
325 800 391 866 haec
417 815 634 879 contemnere:
664 802 805 877 dicenda,
831 800 1073 873 demonstranda,
1098 797 1195 880 expli·

91 888 188 951 canda
202 885 409 951 suntomnia:
432 884 518 959 ca'usa
542 888 712 956 nonsolbm
725 888 914 971 exponenda,
940 886 990 949 sed
1011 886 1104 947 etiam
1125 904 1194 969 gra·

92 976 180 1051 viter,
204 996 241 1039 co
263 972 387 1059 ioseque
413 975 528 1059 agenda
547 975 616 1040 est:
637 974 857 1060 perficiendum
881 973 936 1049 est,
965 973 1079 1055 siquid
1103 976 1241 1055 agere25

92 1074 150 1125 aut
177 998 325 1145 perlicere
345 1064 401 1138 uis,
417 1077 452 1124 ut
475 1062 615 1132 homines
630 1078 660 1125 te
675 1084 751 1137 ‚non
776 1061 872 1124 solbm
898 1062 1032 1145 audiant,
1046 1064 1150 1121 verbm
1164 1080 1198 1120 e-

91 1150 166 1211 tiam
186 1149 318 1215 libenter
333 1148 525 1233 studiosique
548 1150 681 1214 audiant.
726 1150 762 1211 ln
777 1169 839 1233 quo
857 1148 878 1209 fi
900 1163 932 1211 te
946 1145 1077 1212 multum
1091 1160 1199 1209 natum

93 1237 260 1322 adjuvaret,
277 1236 298 1299 sr
312 1238 434 1321 optimis
450 1234 467 1299 a
482 1232 612 1321 pueritiis
631 1235 807 1319 disciplinis,
828 1251 920 1319 atque
934 1235 1050 1299 artibus
1071 1231 1200 1304 studuis-

94 1324 151 1400 ses,
165 1328 194 1387 dr
206 1325 240 1387 in
248 1324 296 1385 his
314 1322 498 1399 elaborlsses,
519 1320 538 1385 sr
565 1324 667 1407 literas
682 1325 807 1387 Graecas
822 1322 964 1399 Athenis,
985 1342 1047 1385 non
1061 1319 1200 1405 Lilybaei,

92 1410 219 1475 Latinas
247 1412 369 1488 Romae,
400 1434 461 1473 non
477 1411 508 1473 in
519 1407 621 1475 Sicilia
645 1411 806 1475 didicisses:
834 1428 936 1473 tamen
951 1409 1023 1473 esset
1038 1412 1246 1492 magnum,30

93 1512 210 1560 tantam
226 1499 359 1575 causam,
373 1514 435 1561 tam
448 1498 664 1583 exspediatam,
680 1520 717 1561 ex
732 1497 885 1583 diligentis
905 1496 1060 1579 consequi,
1090 1500 1120 1559 δι
1135 1516 1202 1557 rne-

95 1588 192 1649 morial
204 1586 377 1670 complesli,
393 1590 420 1649 u
433 1586 567 1649 oratione
578 1608 740 1671 exponere,
758 1591 787 1650 dr
799 1607 873 1649 uoce
883 1589 912 1649 ἃ
924 1584 1038 1649 uiribus
1048 1582 1201 1645 sustinere.

96 1672 227 1737 Fortaffe
235 1675 328 1747 dices,
342 1672 451 1759 Quid?
474 1695 546 1757 ergo
555 1671 620 1735 haec
631 1675 703 1737 inte
713 1671 916 1737 suntomnia?
938 1672 1068 1734 Utinam
1078 1670 1202 1753 quidem

95 1760 208 1823 essent:
228 1778 439 1825 verumtamen
452 1776 486 1823 ut
503 1760 559 1823 effe
574 1761 700 1844 pofl'ent,
714 1782 826 1846 magno
840 1760 939 1822 studio
953 1758 1030 1822 mihi
1044 1780 1063 1819 a
1076 1758 1203 1841 pueritii

92 1846 142 1911 est
158 1848 353 1911 elaboratum.
400 1847 525 1935 Quodsi
545 1871 602 1933 ego
619 1848 683 1913 brec
694 1866 815 1933 propter
831 1847 1071 1931 magnitudinem
1085 1849 1255 1920 rerum,35·

96 1956 132 1998 ac
148 1934 359 1999 difficultatem
378 1934 490 2019 assequi
509 1957 572 1999 non
593 1938 693 2019 potui,
709 1941 763 2021 qui
789 1938 820 1999 in
843 1936 928 1997 omni
945 1935 1006 1997 vit'a
1024 1931 1099 1995 nihil
1122 1932 1204 1995 aliud

95 2023 158 2107 egi,
173 2034 265 2107 quam
288 2026 378 2109 longe
404 2038 439 2086 tu
465 2037 495 2086 te
520 2022 557 2085 ab
572 2022 619 2085 his
633 2022 724 2086 rebus
750 2022 845 2104 abesse
863 2021 1017 2097 arbitrare,
1042 2040 1118 2101 quas
1142 2040 1205 2081 non
1244 2081 1247 2085 .

95 2108 192 2173 modb
212 2112 301 2185 anteit
323 2132 481 2193 nunquam
501 2110 650 2195 cogitirsti,
676 2110 727 2173 sed
742 2132 782 2173 ne
801 2132 883 2175 nunc
896 2110 1034 2191 quidem,
1056 2128 1128 2170 cum
1142 2126 1157 2157 ι
1173 2107 1206 2168 in
1224 2140 1228 2147 ·

94 2218 149 2261 eas
171 2196 351 2283 ingrederis,
368 2200 485 2281 quae&
508 2213 628 2281 quantae
653 2198 721 2273 sint,
746 2197 886 2281 suspicari
906 2196 1016 2281 potes?
1039 2195 1117 2279 Ego,
1141 2196 1207 2277 qui,

96 2285 175 2347 licut
203 2307 310 2349 omnes
334 2286 444 2360 sciunt,
468 2286 500 2348 in
523 2284 591 2347 soro
610 2284 792 2371 judiciisque
818 2284 860 2346 ita
882 2284 991 2360 verser,
1011 2297 1047 2346 ut
1068 2279 1250 2367 ejusdemro

93 2371 197 2436 aetatis
225 2389 278 2436 aut
304 2395 396 2436 nemo
420 2389 473 2436 aut
497 2372 586 2456 pauci
610 2372 723 2456 plureis
744 2373 848 2454 causas
866 2371 1070 2446 defenderint,
1095 2377 1126 2436 ἃ
1153 2368 1207 2452 qui

93 2481 191 2524 omne
213 2474 337 2546 tempus
361 2461 444 2545 quod
465 2455 541 2522 mihi
570 2459 607 2522 ab
636 2461 804 2525 amicorum
829 2459 960 2544 negotiis
982 2461 1083 2533 datur,
1110 2458 1143 2521 in
1161 2457 1210 2525 his

95 2547 204 2610 studiis
227 2554 242 2600 b
262 2548 472 2632 laboribusque
504 2546 692 2623 consumam,
719 2569 782 2630 qno
810 2546 941 2630 paratior
964 2547 1004 2608 ad
1044 2543 1132 2606 usum
1161 2543 1210 2607 so-

95 2635 215 2698 rensem
238 2637 473 2722 promptiorque
486 2635 544 2699 effe
569 2633 674 2718 poffim
690 2659 700 2710 3
724 2650 839 2708 mmen,
859 2634 901 2695 ita
913 2633 1000 2696 Deos
1014 2629 1091 2694 mihi
1114 2631 1210 2702 ,uelint
1248 2694 1251 2699 ,

98 2723 315 2806 propitios,ut,
348 2721 419 2785 cirm
450 2723 531 2784 illius
565 2721 626 2784 diei
660 2720 737 2784 milri
768 2721 852 2784 uenit
887 2721 920 2783 in
956 2733 1104 2794 mentem,
1144 2723 1253 2802 quo45

96 2811 162 2885 die,
191 2810 285 2874 citato
316 2830 380 2886 reo,
404 2809 480 2874 mihi
510 2808 757 2884 dicendumst,
790 2829 855 2873 non
883 2808 978 2872 solum
1016 2827 1211 2878 commoveor

97 2899 213 2972 animo,
227 2897 279 2961 sed
295 2898 386 2960 etiam
398 2911 464 2960 toto
479 2917 604 2980 corpore
614 2895 816 2979 perhorresco.
862 2895 931 2961 Jam
945 2917 1028 2959 nnnc
1049 2910 1162 2971 mente,
1179 2898 1210 2956 &

97 2985 289 3070 cogitatione,
309 2984 469 3068 prospicio,
496 3001 564 3066 qnae
580 2997 646 3046 tum
662 2983 759 3046 studia
773 2982 946 3059 hominum,
972 2983 1024 3068 qni
1050 2981 1213 3045 concursus

98 3071 197 3135 loturi
215 3071 282 3146 fint,
298 3087 444 3154 quantam
460 3069 719 3155 exspectationem
739 3070 918 3154 magnitudo
929 3068 1037 3155 judicii
1052 3069 1087 3131 stt
1103 3071 1214 3131 allatu-

97 3181 144 3236 ra,
157 3173 306 3244 quantam
322 3159 495 3224 auditorum
511 3158 743 3221 multitudinem
759 3157 797 3220 C.
820 3157 928 3222 Verris
939 3155 1064 3220 infamia
1078 3156 1258 3220 concita-50

99 3265 181 3324 tura,
198 3261 346 3331 quantam
361 3245 493 3328 denique
508 3246 694 3310 audientiam
706 3245 834 3308 orationi
854 3265 933 3308 meae
944 3243 1120 3328 improbitas
1134 3244 1223 3307 illius·

403 3367 641 3484 flaccedisddeas.
738 3377 966 3507 bdeferfionidtts.

136 3595 315 3656 29.Atlenr‘s.]
334 3597 542 3646 Atltenisdorebst
550 3597 666 3647 aerumnis
698 3602 775 3656 cerat,
793 3598 824 3646 nd
841 3611 996 3660 quemnemo
1013 3612 1061 3645 nrm
1079 3597 1157 3644 utatis
1175 3613 1260 3659 pene-

98 3667 203 3726 pnritss,
211 3663 235 3710 dt
249 3663 460 3710 artinmdontrinn.
699 3668 776 3710 uerat.

107 3773 112 3782 ,
136 3729 174 3776 lh.
190 3727 244 3776 Non
266 3726 385 3790 Lydio-vil
404 3727 524 3786 Lytibaem
542 3743 575 3775 err
593 3727 668 3774 tribus
734 3728 776 3776 tt.
790 3725 829 3773 Ila
838 3723 901 3774 Deos
915 3725 991 3784 min]
1003 3729 1089 3774 centn
1100 3725 1264 3786 jurisjurandi,

101 3791 192 3840 Sicilire
210 3791 379 3852 pintnontoriia
399 3805 473 3838 unum
500 3792 524 3838 in
565 3791 667 3850 Libyam
699 3791 723 3838 id
734 3797 779 3850 est,
790 3797 885 3837 tantum
896 3791 953 3838 mihi
966 3792 1045 3838 faveat
1056 3793 1130 3848 Dens,
1144 3799 1262 3853 quantum

100 3861 226 3916 mactans,
254 3861 282 3902 ut
299 3855 334 3901 ait
352 3856 466 3914 Polybius
485 3856 527 3904 lib.
555 3862 576 3905 1.
600 3857 668 3904 Bello
699 3856 968 3915 remorestqnoddico.

103 3919 202 3967 Punico
208 3918 296 3978 primo.
732 3922 772 3968 46.
786 3917 931 3977 creatores]
949 3923 1045 3970 vocato
1056 3935 1097 3968 reo
1107 3920 1132 3968 in
1144 3918 1262 3981 judicium

135 3985 178 4030 80.
197 3981 251 4030 Non
264 3984 290 4030 e'n
306 3981 406 4041 timim]
425 3985 574 4046 imperitiam
590 3985 668 4033 caeui-
700 3984 781 4032 dicere
792 3984 908 4044 incipiens
926 3985 1028 4034 timebat
1046 3985 1140 4041 Cicero,
1161 3985 1262 4030 utdcse

100 4045 218 4106 ninom,
240 4047 282 4108 qni
306 4048 388 4094 literne
403 4054 455 4095 tem
476 4050 583 4107 flauas,
597 4063 670 4110 qunm
702 4049 829 4096 confitebar
854 4049 878 4095 in
897 4051 1052 4098 clarentium:
1086 4051 1186 4110 Semper
1206 4062 1262 4094 cunr

104 4110 240 4158 launum
251 4109 333 4158 Sicilit
349 4111 441 4170 didicit,
459 4112 501 4160 ubi
517 4113 671 4175 utroquelin-
703 4121 769 4160 metu
781 4111 868 4174 incipio
874 4113 963 4163 dicere.

103 4187 157 4232 gun
167 4176 240 4233 plane
250 4175 342 4222 inculto
350 4181 410 4222 erat
553 4191 557 4200 ·
737 4181 777 4226 51.
790 4175 963 4235 Audiendum]
974 4177 1104 4226 Audientia
1113 4189 1200 4222 norum
1211 4179 1264 4221 tum

141 4236 306 4296 solennes·
314 4237 412 4296 ocrem]
426 4241 590 4290 Juvenisrieet
601 4241 671 4291 Cice·
704 4242 749 4290 fnit
757 4243 906 4297 vocobulum,
926 4241 974 4289 &a
989 4242 1105 4290 Cicerone
1131 4240 1262 4298 inuentum,

104 4315 136 4350 ro
153 4299 208 4362 jam
226 4301 272 4350 ribi
294 4302 390 4352 dicendi
402 4303 503 4364 glorium
521 4306 546 4354 iu
564 4307 615 4356 mro
636 4308 672 4355 fe-
704 4307 821 4368 perquod
831 4305 989 4356 attentionem
1000 4307 1126 4367 siguificat.
