2825 4775
75 317 79 330 ,
176 252 247 321 stili
509 250 557 315 M.
580 247 734 315 TULLII
754 247 985 325 CICERONIS

177 390 277 465 conio,
292 387 349 451 esse
362 382 452 448 r‘ellet
466 380 545 447 inter
558 382 664 471 viginti
677 386 757 449 viros
771 407 844 472 agro
855 386 1012 470 Campano
1027 380 1189 447 dividendo
1203 396 1322 471 praepo·
1405 415 1406 458 3

180 479 261 543 fitos:
283 475 333 537 sed
344 487 519 557 utrumque,
534 472 659 568 moleste
674 474 706 536 id
720 473 837 537 serente
847 474 977 550 Caesare,
986 469 1164 557 repudiarit.

429 604 582 675 ANNUS
605 612 738 677 URBIS
761 612 976 700 CONDITAE
999 618 1073 677 695.

180 758 244 846 Cqffl
266 758 308 819 L.
324 755 475 839 Calpurnio
492 752 591 841 Pisone
607 754 747 859 Caesonino,
766 757 808 819 A.
828 754 957 831 Gabinio,
971 766 1036 817 ante
1050 750 1189 838 chrisum
1205 752 1257 815 57.
1277 751 1326 813 Ci-
1405 781 1406 820 ,

524 867 629 906 cervam
643 843 868 929 quadragrſsmus
881 864 977 906 mnus.
1090 862 1093 867 ·

224 987 295 1051 Hoc
305 1008 384 1050 anno
399 986 509 1051 Cicero
523 992 538 1049 ὲ
553 986 662 1051 Clodio
698 987 871 1051 erditislrmo
888 987 1030 1070 Tribuno
1040 984 1136 1071 plebis
1148 984 1181 1047 in
1201 982 1328 1047 exilium

180 1074 268 1139 astus
278 1074 334 1139 est:
349 1089 451 1158 atque,
463 1089 497 1138 ut
508 1074 581 1138 citra
596 1011 700 1161 popuii
710 1075 905 1139 offensionem
913 1098 985 1139 eum
999 1074 1195 1159 opprimeret,
1210 1073 1329 1134 multas
1405 1123 1406 1140 ,

180 1161 263 1251 leges
272 1165 432 1252 populares
442 1163 577 1246 quidem,
588 1162 638 1227 sed
649 1162 973 1250 Reipubqperniciosas
982 1163 1061 1224 tulit.
1095 1159 1243 1225 Consules
1253 1156 1329 1221 verb

181 1253 321 1314 mercede
336 1252 559 1336 provinciarum
575 1251 627 1313 fibi
645 1252 790 1318 devinuir„
835 1251 917 1313 Nam
933 1250 1067 1313 Gabinio
1081 1249 1211 1335 Syriam,
1230 1245 1331 1332 Baby·

180 1341 294 1415 lonem,
309 1338 425 1401 Persas:
450 1336 551 1399 Pisoni
573 1338 732 1415 Achaiam,
752 1338 944 1416 Thessaliam,
963 1338 1127 1413 Graeciam,
1150 1332 1331 1399 Macedoni·

181 1442 243 1501 am,
258 1444 442 1506 omnemque
454 1424 605 1485 Boeotiam
620 1424 714 1487 dedit.
735 1426 822 1487 Tum
837 1427 908 1489 tulit
921 1429 1032 1512 legem,
1047 1422 1161 1508 ut,=qul
1171 1424 1269 1487 civem
1283 1423 1332 1484 in-
1405 1435 1406 1494 ἶ

182 1516 362 1575 demnatum
374 1510 578 1586 interemisset,
595 1511 622 1573 ei
632 1518 710 1595 aqud
720 1516 750 1574 dt
763 1512 827 1595 igni
839 1514 1079 1577 interdiceretur.
1119 1508 1209 1575 Licet
1222 1510 1334 1574 Cicero
1405 1535 1406 1538 ¹

181 1622 246 1665 non
256 1599 472 1682 nominaretur,
492 1597 570 1661 solus
585 1613 686 1661 tamen
696 1597 863 1682 petebatur.
900 1600 998 1683 Igitur
1012 1602 1121 1664 Cicero
1133 1619 1205 1663 reus
1217 1596 1333 1661 vestem
1405 1607 1406 1678 l

180 1686 322 1761 nutavit,
340 1686 548 1749 &sordidatus
559 1687 672 1770 populo
684 1685 870 1769 supplicavit.
893 1685 930 1747 Ei
945 1686 1058 1768 ubique
1068 1688 1195 1749 Clodius
1209 1684 1334 1747 nefariis
1405 1681 1406 1754 Ξ

185 1774 310 1858 stipatus
318 1772 492 1835 hominibus
502 1794 674 1849 occurrens,
686 1774 886 1836 mutationem
897 1772 987 1835 vestis
995 1771 1167 1856 objiciebat,
1179 1793 1213 1833 ac
1222 1773 1288 1833 luto
1299 1774 1334 1833 8t
1405 1763 1406 1856 l

185 1860 334 1946 lapidibus
345 1859 376 1921 in
387 1882 458 1922 eum
474 1862 631 1947 conjectis,
646 1862 712 1946 ejus
724 1859 954 1945 supplicationes
965 1857 1157 1942 impediebat.
1180 1856 1263 1919 Cum
1278 1856 1336 1919 Ci-
1405 1861 1406 1882 ²

185 1968 296 2011 cerone
311 1946 465 2009 universus
489 1948 625 2031 equester
639 1948 714 2010 ordo
731 1948 845 2013 vestem
862 1947 1001 2022 mutarit,
1021 1958 1114 2028 quem
1128 1942 1335 2008 adolescentes
1405 1983 1406 2006 r

186 2033 358 2099 nobilissimi
366 2056 494 2097 numero
505 2036 543 2098 ad
554 2042 597 2097 20
611 2035 705 2097 millia
719 2036 785 2121 ejus
796 2034 897 2097 salutis
908 2036 1115 2119 deprecatores
1126 2031 1267 2094 sordidati
1281 2052 1335 2092 co·
1405 2049 1406 2108 3

187 2121 286 2186 mirati
299 2120 377 2183 sunt.
421 2121 550 2185 Senatus
564 2119 637 2186 verb
652 2122 797 2205 frequens
814 2124 965 2199 convenit,
987 2125 1017 2185 ἃ
1033 2135 1179 2203 tanquam
1191 2120 1225 2181 in
1244 2118 1337 2181 lustu
1405 2113 1406 2192 l

187 2209 310 2295 publico
324 2208 436 2273 vestem
452 2210 628 2272 mutandam
640 2208 766 2287 censuit,
781 2209 832 2272 sed
846 2207 967 2272 vetustte
981 2207 1138 2271 Consules.
1161 2206 1287 2290 Equites
1301 2206 1337 2269 in

120 2301 134 2312 '
188 2296 340 2379 Capitolio
357 2294 492 2371 adfusre,
507 2296 618 2378 quiad
637 2294 796 2373 Consules,
818 2300 848 2359 8c
864 2297 902 2357 ad
913 2294 1059 2357 Senatum
1078 2296 1192 2379 legatos
1207 2315 1269 2356 non
1287 2292 1339 2355 so-

188 2387 253 2450 llrm
267 2377 307 2446 ex'
317 2382 381 2447 ‘suo
395 2383 511 2459 ordine,
533 2387 638 2447 veriam
652 2383 745 2446 etiam
760 2407 797 2448 ex
820 2381 978 2447 Senatorio
999 2382 1041 2468 Q.
1068 2381 1277 2458 Hortensium,
1302 2384 1335 2445 δι

190 2473 227 2536 C.
251 2471 417 2536 Curionem
443 2469 599 2548 miserunt,
621 2471 674 2556 qui
696 2494 751 2556 pro
772 2471 920 2536 Cicerone
934 2471 1181 2555 deprecarentu15
1206 2469 1257 2534 sed
1282 2491 1339 2532 eos
1405 2532 1406 2565 ,

192 2557 332 2644 respusre
344 2558 507 2636 Consulem
532 2555 597 2622 imb
610 2559 647 2622 L.
665 2557 768 2622 AElius
782 2557 891 2622 Lamia
905 2557 1052 2641 equestris
1065 2557 1180 2620 ordinis
1194 2557 1340 2642 princeps
1405 2578 1406 2597 .

193 2646 213 2712 ὲ
236 2647 370 2710 Gabinio
395 2647 545 2733 relegatus
570 2641 624 2709 est.
651 2645 758 2730 Itaque
780 2645 889 2710 Cicero
913 2643 1134 2710 {Consulibus
1159 2643 1339 2721 derelidius,
1405 2680 1406 2695 .

192 2733 361 2818 prodituss
382 2734 540 2817 Pompeio,
560 2735 610 2797 cui
630 2734 719 2797 toties
742 2733 866 2810 faverat,
890 2733 964 2795 urbe
986 2732 1085 2816 potiris
1100 2732 1218 2807 cedere,
1242 2730 1339 2814 qulsm

193 2841 261 2884 eam
275 2821 396 2882 armatis
418 2817 591 2882 hominibus
610 2818 741 2905 objicere
759 2821 878 2884 maluit:
893 2819 1055 2885 abeuntem
1072 2840 1178 2885 omnes
1198 2839 1269 2882 cum
1293 2820 1341 2880 la-

142 2942 148 2956 ·
194 2907 305 2993 crymis
328 2905 476 2990 prosecuti
496 2905 565 2968 sunt
579 2927 650 2970 cum
672 2908 793 2992 publici
815 2908 854 2971 ad
870 2929 956 2992 reges
971 2906 1180 2990 principesque
1205 2904 1340 2969 Senatsrs

194 2980 467 3060 commendatione.
512 2993 611 3068 Caesar
622 2993 715 3077 quiin
725 2995 841 3057 Gallias
858 2994 1006 3078 proficisci
1018 3013 1090 3056 cum
1104 2992 1232 3076 imperio
1246 2993 1339 3078 debe·

195 3081 258 3157 bat,
280 3102 342 3144 non
364 3081 444 3165 priris
462 3082 500 3144 ad
517 3083 682 3144 exercitum
702 3081 786 3158 absit,
808 3079 901 3165 quim
919 3081 1099 3145 Ciceronem
1119 3103 1174 3164 pgr
1192 3078 1341 3143 Clodium

195 3169 282 3232 Italis
304 3169 469 3254 expulisset.
512 3167 599 3230 Nlhil
622 3187 684 3231 non
702 3169 734 3232 in
754 3190 826 3232 eum
841 3169 1002 3232 crudeliter
1020 3169 1083 3254 egit
1097 3167 1239 3244 Clodius,
1265 3189 1341 3230 nam
1405 3216 1406 3223 .

197 3254 334 3319 edidtum
354 3255 518 3340 pmposust,
538 3269 573 3320 ut
593 3255 621 3318 ei
639 3263 717 3339 aquas
739 3261 770 3320 δι
793 3256 858 3342 igni
882 3256 1121 3332 interdiceretur,
1148 3260 1178 3319 a
1199 3277 1239 3318 ne
1259 3255 1342 3318 lntra
1405 3266 1406 3291 ³

198 3344 364 3429 quingenta
375 3345 468 3406 millia
477 3344 612 3428 passuum
622 3344 667 3407 ab
674 3344 759 3408 Italis
772 3343 857 3406 tesso
871 3345 1066 3428 reciperetur,
1089 3347 1119 3406 81
1136 3343 1191 3426 qui
1204 3364 1276 3405 eum
1290 3364 1342 3406 re·

158 3429 161 3438 ‘
198 3431 344 3514 ciperent,
355 3428 479 3516 impune
491 3431 740 3495 interficerentur.
773 3432 818 3493 At
828 3450 952 3515 poenam
960 3433 1043 3494 illam
1054 3428 1342 3515 omnesneglsxere,

198 3539 270 3580 nam
278 3539 350 3582 eum
364 3523 392 3582 &
409 3516 538 3582 comiter
550 3539 657 3582 omnes
670 3517 854 3585 &laevore
868 3519 1064 3603 accipiebant,
1077 3523 1106 3583 δι
1118 3517 1342 3602 prosequeban-
1405 3558 1406 3611 q

199 3618 259 3667 tur.
304 3606 431 3670 Clodius
452 3607 536 3668 villas
557 3608 626 3690 qius
648 3606 782 3670 incendit
805 3627 877 3669 cum
894 3608 987 3670 domo
1001 3629 1070 3690 quae
1085 3620 1149 3670 erat
1162 3607 1195 3668 in
1211 3605 1342 3683 Palatio,
1405 3642 1406 3681 ;

199 3713 300 3755 aream
314 3694 346 3754 in
361 3693 458 3756 aedem
477 3692 637 3756 Libertatis
652 3693 844 3769 consecrarit,
860 3693 978 3778 reliqua
995 3694 1075 3756 bona
1088 3693 1180 3757 haslae
1200 3692 1343 3777 subjecit:
1405 3718 1406 3781 q

200 3799 292 3842 nemo
300 3795 402 3842 tamen
416 3783 453 3842 ad
464 3780 578 3842 hallam
594 3779 720 3843 accessit.
741 3780 872 3844 Summo
882 3781 937 3846 suo
947 3783 1050 3846 dolore
1061 3779 1218 3864 profectus
1232 3780 1342 3844 Cicero

201 3887 256 3950 per
269 3867 448 3943 Lucaniam,
464 3865 601 3932 Siciliam
614 3871 717 3931 rersbs
733 3869 828 3931 venit:
849 3869 921 3932 binc
935 3869 1102 3944 Vibonem,
1123 3867 1341 3942 Brundusium,

205 3958 235 4018 ἃ
257 3955 327 4017 inde
346 3953 537 4040 Dyrrhachio
554 3954 795 4019 Theslubnicam
809 3956 848 4018 ad
865 3956 1012 4019 Plancum
1035 3955 1204 4040 professus,
1226 3954 1278 4017 ubi
1303 3953 1343 4017 ab

202 4063 240 4104 eo
255 4041 369 4124 septem
386 4042 501 4105 menses
516 4043 656 4106 detentus
670 4041 725 4106 est.
748 4044 873 4106 Interim
882 4043 1012 4107 Senatus
1021 4043 1176 4126 frequens,
1191 4041 1342 4105 referente
1402 4054 1407 4175 q

201 4128 239 4194 L.
256 4129 422 4205 Mummio,
436 4130 521 4192 nullo
535 4128 733 4206 dissentiente,
748 4133 787 4194 de
800 4124 957 4194 Ciceronis
970 4126 1071 4193 reditu
1084 4129 1226 4194 decrerit.
1248 4127 1343 4190 Pom·

200 4216 297 4300 peius,
307 4216 364 4280 sive
375 4213 460 4325 qud
471 4239 543 4281 eum
552 4215 611 4283 suae
621 4217 756 4303 perfidiae
764 4218 925 4304 puduisset,
935 4218 995 4284 five
1005 4215 1342 4305 qubdiclodiooffen·
1405 4305 1407 4325 Ι

1404 4438 1407 4539 t
