2825 4775
567 64 585 101 η

341 120 359 176 s

368 248 545 314 sunno
560 251 585 314 1.
608 251 656 314 nt
670 251 707 314 1.
731 251 992 338 emundent.
1212 265 1252 324 91

110 387 195 446 dtuo
208 379 321 446 scelere
335 381 502 457 abhorreat,
510 403 573 445 non
581 382 625 446 est
639 381 811 446 ferendum.
857 385 1066 471 Quamobrem
1080 385 1210 466 discede,

107 484 199 553 atque
222 469 308 532 hunc
329 469 404 538 mihi
426 469 568 534 timorem
582 471 677 553 eripe:
700 469 779 533 fiest
793 493 892 551 verus,
915 496 954 536 ne
971 476 1142 556 opprimam
1167 476 1211 538 sin

107 556 208 634 falsus,
233 573 268 620 ut
280 558 403 620 tandem
417 558 579 640 aliquando
593 560 701 620 timere
727 549 868 624 desinam.
914 559 991 624 Haec
1008 561 1151 638 fitecum,
1175 579 1208 625 ut
1262 522 1293 609 (l

107 645 180 722 dixi,
203 645 300 729 putria
314 646 465 728 loquatur,
490 667 591 708 nonne
606 645 766 728 impetrare
781 647 899 724 debeat,
914 649 1026 710 etiamfi
1041 651 1103 711 vim
1117 649 1251 714 adhi-ss

106 731 252 796 berenon
272 731 497 817 poffittQuid,
509 730 595 816 quod
617 747 652 794 tu
673 747 704 795 te
731 733 793 818 ipse
822 735 854 795 in
887 735 1053 798 custodiam
1079 737 1223 810 dedistis·

106 822 193 902 quid,
209 821 294 904 quod
307 820 436 883 vitandae
453 820 626 904 suspicionis
637 817 738 904 causi,
754 822 834 905 apud
851 821 898 884 M.
914 823 1066 906 Lepidum
1083 838 1112 887 te
1123 824 1209 888 habi-

106 921 168 970 tare
178 909 259 972 velle
273 907 391 970 dixisti?
414 905 433 971 a
448 929 510 990 quo
524 930 587 971 non
600 922 751 992 receptus,
763 909 855 972 etiam
869 911 907 972 ad
928 931 977 972 me
999 913 1101 974 venire
1120 912 1209 978 ausus

103 1015 151 1072 ως
173 1009 279 1079 atque,
291 1010 326 1058 ut
334 995 417 1058 domi
431 1017 508 1058 meae
518 1009 549 1059 te
564 995 749 1071 asservarent,
762 995 890 1080 rogasti?
903 997 982 1060 Cdm
994 997 1011 1060 d
1022 1020 1072 1062 me
1087 1021 1209 1084 quoque

104 1082 135 1146 id
150 1083 353 1167 responsumr
372 1083 494 1158 tulisses,
523 1105 574 1146 me
589 1083 674 1145 nullo
688 1084 781 1146 modo
807 1084 888 1166 posse
912 1082 1018 1146 iisdem
1043 1087 1252 1170 parietibus85

103 1178 174 1234 tutd
188 1172 373 1247 essetecum,
388 1172 441 1255 qui
456 1191 568 1255 magno
592 1168 625 1232 in
639 1170 775 1252 periculo
790 1171 891 1247 essem,
914 1173 996 1254 quod
1012 1170 1117 1234 iisdem
1131 1195 1210 1236 moe·

102 1259 196 1322 nibus
209 1261 449 1335 contineremur3
472 1259 512 1320 ad
531 1259 574 1344 Q.
595 1255 759 1320 Metellum
788 1257 952 1320 Praetorem
975 1258 1093 1322 venisli:
1116 1267 1210 1344 aquo

101 1347 293 1430 repudiatus,
318 1348 357 1408 ad
370 1346 502 1410 sodalem
526 1361 628 1421 tuum,
652 1345 753 1406 virum
764 1347 926 1430 optimum,
949 1347 996 1408 M.
1013 1347 1208 1426 Marcellum,

101 1434 412 1520 detnigrdstisiquem
423 1449 458 1495 tu
472 1432 623 1508 videlicet,
642 1435 673 1495 8<
689 1433 727 1494 ad
738 1431 969 1496 custodiendum
983 1449 1013 1498 te
1027 1435 1213 1520 diligentiffi-

101 1543 204 1599 mum,
217 1526 248 1585 81
257 1523 295 1584 ad
311 1518 522 1605 suspicandum
532 1518 801 1604 sagacissimum&
815 1521 852 1582 ad
860 1520 1076 1590 vindicandum
1087 1522 1255 1590 fortiss-90

101 1631 193 1674 mum
215 1610 282 1672 sore
303 1608 423 1693 puttsti.
465 1607 528 1671 Sed
543 1605 636 1690 qusm
661 1607 750 1692 longe
775 1607 895 1672 videtur
909 1616 925 1672 ὲ
941 1630 1058 1672 carcere
1074 1624 1166 1693 atque
1190 1613 1209 1676 i

102 1696 236 1762 vinculis
251 1697 479 1772 abeffedebere,
500 1695 554 1780 qui
573 1693 703 1778 seipsum
717 1695 782 1780 jam
797 1696 924 1782 dignum
940 1695 1075 1760 custodia
1090 1699 1210 1784 judica-

101 1784 227 1848 veritl⁸

147 1870 208 1936 lv.
232 1873 314 1958 Quoe
339 1877 409 1936 edm
433 1872 474 1935 ita
497 1869 563 1945 sint,
589 1869 734 1945 Catilium
754 1869 887 1948 dubitas,
908 1869 992 1934 fihlc
1015 1872 1144 1935 enoria
1168 1895 1210 1936 ae-

102 1982 170 2045 quo
183 1961 286 2024 animo
311 1981 374 2022 non
399 1959 497 2043 potes,
525 1957 606 2021 abire
632 1958 664 2019 in
686 1957 802 2040 aliquas
821 1974 925 2035 terras,
954 1963 983 2022 sc
1004 1959 1097 2022 vitam
1123 1958 1210 2022 istam

102 2047 211 2110 multis
236 2047 389 2131 suppliciis
411 2046 500 2132 justis
525 2043 636 2108 debitis
654 2067 692 2107 ue
721 2061 865 2129 ereptam,
889 2047 971 2132 fugae
994 2045 1211 2130 solitudinique

101 2135 273 2198 mandare?
296 2134 405 2210 Refer,
431 2134 543 2217 inquis,
572 2133 611 2194 ad
632 2067 787 2195 leuatum
814 2135 858 2219 (id
876 2137 963 2209 enim
988 2133 1133 2219 postulas)
1165 2139 1208 2212 ἃ,

15 2223 16 2228 ’
101 2223 124 2284 si
153 2222 205 2286 hic
225 2222 300 2285 ordo
326 2221 378 2285 libi
407 2223 524 2304 placere
547 2219 723 2294 decreverit,
749 2233 779 2282 te
802 2220 844 2284 ire
871 2221 903 2282 in
928 2221 1064 2296 exilium,
1090 2222 1250 2287 obtem-5

102 2325 281 2396 pei-uturum
296 2323 341 2374 te
370 2309 428 2372 effe
457 2309 542 2372 dicis.
594 2305 669 2368 Non
696 2305 826 2370 reseram
851 2307 883 2369 id
908 2309 992 2393 quod
1021 2307 1160 2372 abhorret
1190 2307 1209 2372 d
1237 2346 1243 2352 -

100 2399 181 2461 meis
204 2397 354 2462 moribus:
389 2404 420 2462 dt
444 2412 546 2459 tamen
565 2394 686 2469 faciam,
720 2410 754 2457 ut
779 2398 927 2481 intelligas
949 2396 1045 2480 quod
1061 2394 1094 2469 hi
1111 2398 1150 2460 de
1179 2410 1210 2461 te

100 2485 243 2549 sentiant.
299 2485 450 2569 Egredere
471 2506 509 2547 ex
538 2482 624 2558 urbe,
649 2480 792 2559 Ostilina,
821 2482 915 2547 libera
939 2483 1078 2567 rempub.
1109 2496 1209 2547 metu:

102 2573 137 2635 in
161 2574 300 2649 exilium,
323 2572 344 2635 li
372 2572 451 2636 hanc
469 2591 587 2652 ‘vocent
614 2568 768 2651 expedias,
794 2569 992 2655 proficiscere.
1039 2569 1126 2653 Quid
1152 2570 1207 2648 est,

101 2658 263 2723 Catilina?
297 2660 407 2743 ecquid
436 2658 577 2732 attendis,
606 2655 716 2739 ecquid
746 2656 957 2720 animadvertis
982 2655 1093 2719 horum
1119 2656 1252 2723 filen-ls
1282 2723 1289 2739 .

101 2747 211 2811 tiumi.
224 2749 393 2832 patiuntur,
407 2760 519 2810 tacent.
565 2743 652 2830 Quid
666 2742 810 2826 expedias
826 2749 840 2795 b
859 2744 1070 2807 austeritatem
1082 2743 1210 2827 loquen-

98 2835 192 2912 tium,
214 2830 347 2919 quorum
365 2836 553 2898 voluntatem
567 2830 729 2893 tacitorum
742 2826 901 2915 perspicis?
926 2834 970 2895 At
995 2830 1016 2901 fi
1041 2828 1100 2893 hoc
1124 2831 1207 2895 idem

98 2920 173 3002 huic
188 2920 371 2987 adolescenti
378 2922 507 3007 optimo,
527 2916 564 2981 P.
575 2915 692 2994 Sextio,
706 2916 728 2979 fi
743 2916 901 2982 fortiffimo
917 2918 982 2983 viro
997 2916 1045 2981 M.
1060 2918 1209 2995 Marcello

278 3114 294 3147 r
312 3096 457 3185 accepisses.
603 3111 619 3143 ι
634 3092 731 3177 quieto.
826 3178 830 3186 Ι
878 3100 894 3145 b
900 3095 1079 3180 sententiam.

133 3276 174 3323 88.
191 3273 296 3323 Sodnlen
312 3271 398 3331 tuum]
418 3272 559 3323 Sodslitm
577 3272 662 3319 noma
692 3274 776 3331 procul
783 3266 855 3319 'dubio
861 3272 1011 3320 damnandus
1021 3277 1084 3329 erat,
1106 3286 1181 3333 quate
1197 3270 1256 3321 nihss

99 3336 209 3396 ficerunt,
224 3338 592 3401 quolegibusooncedebmitur5
606 3336 661 3383 hinc
693 3335 865 3385 deeotetulit:
887 3338 957 3396 igitur
971 3336 1056 3383 salsum
1077 3340 1115 3381 est
1135 3336 1201 3396 quod
1218 3336 1253 3383 ait

99 3412 185 3450 uatem
193 3404 287 3451 nodum
294 3404 355 3451 dicti
363 3408 429 3459 nint,
439 3410 501 3449 teste
511 3404 589 3458 Festo,
602 3401 665 3460 quud
695 3399 751 3459 Dio,
763 3400 970 3447 Senutmmnsulto
979 3414 1011 3447 ex
1021 3399 1081 3446 urbe
1091 3399 1176 3447 obiisse
1185 3400 1254 3447 Cati-

93 3468 278 3525 jmeederent,
305 3472 436 3528 euntque.-
464 3466 563 3513 Marcus
581 3467 663 3511 antem
692 3462 778 3521 linem,
799 3464 953 3523 quianullum
971 3462 1121 3523 semipotuit,
1137 3462 1253 3511 malisse·

97 3531 236 3581 staremus
256 3544 317 3579 mitia
335 3546 368 3578 ex
386 3530 456 3578 sociis
473 3528 585 3577 Catilina
611 3526 664 3584 suit,
697 3534 766 3573 rente
778 3528 1011 3577 CiceroneConnde.

101 3608 202 3655 proquo
212 3594 459 3656 Gioempoateaapud
466 3594 586 3643 sanarem
593 3590 665 3648 dixi,
732 3594 770 3639 11.
794 3588 940 3647 Potitium]
964 3590 1094 3647 Catin'nnm
1109 3590 1143 3639 ue
1161 3592 1187 3640 in
1202 3590 1255 3641 exi·

134 3662 160 3707 ³.
171 3658 248 3720 Mage
258 3658 420 3722 militiisque
429 3654 558 3713 mandore]
591 3658 665 3716 Man·
696 3655 756 3703 lium
764 3658 886 3716 patientur
895 3652 963 3703 sacili
971 3658 1103 3704 Senatores.

100 3722 195 3770 darete
208 3722 367 3783 Μῶα,
375 3723 513 3785 profugere:
526 3717 684 3780 Quondam·
731 3720 768 3767 lb.
787 3718 894 3777 Tacent.)
927 3719 1041 3767 Tacendo
1055 3720 1189 3782 approbant
1205 3719 1257 3782 ejus

99 3786 258 3834 oesolelsdini
270 3789 477 3842 &seoccultare
493 3784 662 3846 &fogereho-
694 3782 879 3845 prosectionem.

102 3850 355 3900 ninnmnocictetem.
731 3850 767 3896 12.
791 3844 944 3904 Tantorum.)
978 3848 1006 3895 ld
1023 3852 1068 3905 est,
1088 3849 1132 3895 etsi
1146 3854 1255 3906 metant,

134 3911 530 3976 t.1teser,iaquis,ausemtum.]
562 3912 663 3961 Nullum
693 3913 832 3959 tamenhoc
841 3912 1254 3961 mosuentiovolnutatenfflimm

98 3987 212 4041 unquam
235 3978 310 4025 siebat
334 3981 578 4035 Senatiuconmltum,
605 3977 663 4037 quin
695 3978 881 4037 satisapen'unt.

101 4042 451 4102 primtcmmterefemmr.
731 4043 768 4089 13.
795 4040 857 4089 Pub.
884 4038 982 4098 Sestio.)
1016 4043 1111 4089 sextius
1128 4041 1173 4092 hoe
1191 4054 1255 4087 anno

94 4154 98 4159 ,
135 4106 289 4155 &Abhorret
303 4106 319 4152 d
335 4106 390 4153 nie
407 4102 526 4163 moribvs]
559 4102 663 4153 cunali
694 4108 806 4155 Quaestor
820 4106 917 4153 Antonii
939 4107 1256 4164 Communemque
1278 4142 1285 4155 .

99 4172 167 4219 omni
183 4171 311 4218 multato
325 4167 452 4217 &dontio
468 4169 555 4219 cicero
572 4170 664 4219 dunin
696 4168 783 4217 Cicero
792 4170 924 4217 ontionem
932 4171 1023 4217 habuit.

99 4233 661 4294 communicandam-mmmmm,
727 4234 763 4282 lb.
788 4232 824 4294 Μ.
845 4232 977 4289 Marcello.)
1012 4232 1036 4279 Is
1057 4234 1094 4283 M.
1123 4232 1256 4281 Mmeum

99 4298 165 4347 side
183 4297 570 4359 camunnenmdmnatun,
589 4302 663 4363 tqm
695 4297 830 4361 nusquitan
838 4296 1046 4359 Cicemdsfeudlt.

650 4355 682 4429 R
