2825 4775
196 213 247 279 nn
526 208 573 273 nr.
595 168 998 285 Turmcrcenoms

195 346 302 409 urbem
323 344 499 431 ingreditur,
521 344 661 409 advocate
676 343 776 408 statim
789 344 947 422 concione,
967 344 1064 407 multa
1077 346 1115 407 de
1130 345 1159 409 se
1174 346 1333 435 magnifici

195 435 281 508 dixit,
292 454 326 494 ac
337 432 442 514 populi
450 430 718 495 statuminmeliuu
728 430 758 496 se
768 446 966 495 mutaturum.
1009 431 1142 495 Tantam
1150 449 1252 498 autem
1263 436 1335 499 civi·

196 544 248 585 um
263 516 467 583 carnificinam
481 517 584 593 edidit,
600 520 731 582 utnulla
745 541 879 602 unquam
895 521 991 583 ma'or
1004 520 1143 583 extiterit.
1169 522 1229 585 Cn.
1244 522 1336 585 Pom-

194 608 280 691 peius
294 627 364 669 cum
387 606 513 691 imperio
535 604 636 669 missus
658 604 690 668 in
712 606 856 682 Siciliam,
878 543 1050 671 Cerdonem
1072 606 1231 671 interfecit.
1276 611 1337 674 His

194 691 335 778 peradhis,
356 692 498 755 Dictator
508 706 625 757 creatus
639 692 682 755 est
694 693 731 757 ab
742 693 890 781 interrege
904 696 1023 770 Flacco,
1041 695 1094 778 qui
1108 694 1189 771 tulit,
1204 710 1238 759 ut
1252 718 1338 779 quae·

194 802 314 864 cunque
325 780 375 843 ille
389 778 511 856 fecisset,
526 780 617 843 effent
631 794 704 857 rata,
720 797 754 845 ut
768 802 860 866 quem
870 782 960 846 vellet
973 781 1097 859 civium,
1111 781 1225 846 indicta
1239 785 1338 862 causi,

194 863 318 953 impune
333 868 426 953 posset
441 866 587 931 occidere.

447 1040 599 1107 ANNUS
620 1042 753 1107 URBIS
776 1042 989 1108 CONDrrAE
1011 1047 1085 1107 672.

195 1156 258 1242 (ψ
269 1153 321 1217 Μ.
342 1154 429 1217 Tullio
439 1153 561 1232 Deculo,
576 1160 627 1219 Cn.
642 1154 764 1220 Cornelio
775 1156 933 1234 Dolabeilli,
946 1170 1011 1219 ante
1021 1156 1157 1243 cbnstum
1168 1164 1219 1221 80.
1265 1160 1341 1221 Cice-

597 1273 671 1333 ronis
685 1270 830 1355 vigssmus
832 1272 941 1357 sextus.

235 1383 323 1447 Licet
333 1386 485 1445 summum
500 1382 689 1467 Reipublicae
699 1400 816 1449 teneret
825 1387 985 1472 imperium
999 1385 1092 1471 Sylla,
1107 1398 1209 1448 tamen
1220 1386 1258 1447 ad
1273 1384 1340 1468 spe·

193 1472 271 1533 ciem
286 1471 416 1551 aliquam
433 1469 621 1553 Reipublicae
636 1471 824 1533 retinendam
838 1474 971 1555 permisit
989 1474 1055 1537 illos
1070 1472 1217 1537 Consules
1231 1473 1339 1535 creari:

192 1558 221 1618 ei
230 1570 264 1619 ut
275 1556 427 1619 Dictatori
439 1556 544 1641 viginti
554 1572 684 1641 quatuor
690 1557 808 1621 secures
815 1560 1063 1641 praeserebantur,
1084 1561 1201 1645 legibus
1210 1559 1340 1641 uliiepro

192 1642 313 1707 arbitrio
324 1642 401 1719 latis,
413 1644 476 1705 aliis
488 1645 661 1728 antiquatis:
676 1645 807 1727 denique
822 1644 860 1706 de
872 1644 1051 1709 Mithridate
1061 1647 1245 1730 jamdudum
1255 1645 1340 1709 victo

191 1732 281 1793 tertio
290 1730 417 1794 Kalend.
430 1730 518 1793 Febr.
533 1736 560 1795 81
574 1730 738 1815 Pompeius
746 1732 827 1795 bello
842 1732 873 1793 in
891 1730 995 1794 Africi
1005 1732 1137 1793 maximo
1148 1732 1291 1793 confecto
1301 1733 1340 1794 de

192 1812 331 1881 Doinitio
342 1822 371 1883 8ι
382 1817 490 1880 Hiertd
503 1832 611 1902 praeter
625 1820 791 1903 legitimam
802 1832 922 1881 aetatem
932 1818 1137 1901 triumphavit.
1174 1816 1246 1879 Hoc
1257 1838 1340 1879 anno

190 1904 355 1969 Sertoriani
368 1904 439 1968 belli
454 1904 485 1966 in
505 1905 649 1989 Hispania
664 1906 784 1967 initium
805 1904 878 1967 suit:
902 1904 1004 1967 causas
1018 1905 1110 1967 etiam
1124 1902 1234 1966 Cicero
1249 1923 1340 1987 agere

191 1992 301 2074 coepit:
315 2014 387 2055 nam
406 2011 461 2074 pro
476 1992 626 2078 Quindiio
637 1992 755 2055 causam
766 1992 911 2077 privatam
932 1994 1012 2076 apud
1033 1990 1193 2073 Aquilium
1209 1990 1339 2053 Gallum

189 2080 324 2163 judicem
336 2080 422 2153 dixit,
437 2083 465 2141 δι
479 2080 586 2141 iterium
598 2080 627 2143 se
641 2080 772 2155 Moloni,
783 2080 838 2163 qui
849 2081 967 2165 legatur
982 2080 1020 2141 ad
1033 2076 1181 2141 Senatum
1195 2078 1234 2140 de
1250 2076 1340 2139 Rho-

191 2166 312 2229 diorum
324 2168 454 2249 praemiis
467 2182 599 2243 venerat,
611 2186 737 2251 operam
749 2166 870 2244 dedisse,
885 2166 917 2228 in
925 2167 1024 2229 Bruto
1038 2166 1090 2227 ait.
1196 2198 1199 2204 ‚

444 2337 596 2404 ANNUS
618 2338 751 2404 URBIS
773 2337 987 2404 CONDITAE
1009 2340 1082 2403 676

192 2457 259 2545 (off
281 2457 322 2520 L.
348 2457 467 2522 Cornelio
486 2455 559 2543 Sylla
578 2461 626 2519 ll.
648 2453 694 2542 ,9,.
719 2457 821 2519 Catilio
839 2455 957 2518 Metello
971 2453 1037 2531 Pio,
1054 2465 1120 2516 onte
1135 2450 1271 2539 Christum
1297 2454 1340 2518 79

544 2575 678 2636 Ciceronis
687 2572 831 2658 vigesimus
835 2571 981 2657 septimus.
1004 2626 1006 2629 .
1401 2568 1402 2593 ³

233 2684 360 2748 Sextrun
370 2685 516 2754 Roscium
526 2687 707 2752 Amerinum
717 2688 866 2772 parricidii
874 2687 1101 2752 reumdesendit
1108 2684 1228 2761 Cicero,
1237 2691 1297 2768 que
1307 2685 1341 2747 in

190 2779 279 2835 causi
290 2771 519 2859 Chrysogonum
531 2772 621 2859 Syllae
630 2775 772 2837 libertum
783 2789 1001 2860 praepotentem
1016 2769 1159 2836 invidiose
1174 2771 1340 2835 infestatus

189 2857 243 2920 est.
273 2858 350 2922 Haec
366 2857 447 2922 ostio
461 2859 557 2944 prima
571 2859 650 2923 illius
662 2860 783 2944 publica
797 2861 899 2938 suit,in
913 2869 973 2946 qut
982 2861 1045 2924 vict
1057 2879 1093 2921 or
1106 2873 1228 2922 tantum
1249 2879 1338 2920 com-

190 2947 390 3009 mendationis
401 2945 517 3021 habuit,
529 2959 563 3008 ut
573 2947 728 3034 nullajam
742 2949 883 3032 deinceps
893 2947 996 3022 suerit,
1011 2966 1080 3031 quae
1092 2946 1231 3029 nunejus
1246 2946 1341 3030 digna

189 3033 356 3118 patronicio
363 3033 524 3095 videretur.
539 3033 648 3096 Statim
643 3034 726 3182 sgnos}
733 3034 811 3097 hanc
822 3034 1027 3098 defensionem
1038 3045 1122 3094 metu
1130 3030 1234 3117 syllae,
1244 3051 1340 3114 quem

189 3119 410 3202 perstrinxerat,
427 3120 562 3183 Athenas
577 3120 641 3184 sece
674 3136 697 3197 t,
713 3122 795 3184 unde
808 3127 926 3185 tanthm
940 3119 1006 3205 post
1020 3119 1186 3182 miennium
1202 3117 1339 3180 Romam

105 3311 109 3318 ⁸
189 3207 307 3269 redivit.
317 3207 392 3309 Hoc
399 3229 478 3270 anno
488 3206 535 3270 M.
547 3206 701 3308 'shermus
710 3209 876 3310 Mitylenae
884 3207 1079 3294 expugnavit,
1091 3210 1120 3270 ἃ
1132 3205 1337 3356 ἱωὲεήοΙὶο-

189 3314 280 3358 mano
294 3296 417 3358 addidit.
440 3293 589 3379 Deposuit
603 3317 726 3380 quoque
738 3295 821 3382 Sylla
834 3295 1040 3372 Didhturam,
1057 3297 1088 3359 ἃ
1108 3314 1141 3356 nn
1189 3311 1340 3354 umanum

189 3377 310 3445 secell'rt.

439 3467 592 3534 ANNUS
615 3467 748 3534 URBIS
771 3467 988 3534 CONDITAE
1010 3471 1085 3533 674.

190 3579 255 3665 Cqffi
269 3580 309 3642 P.
330 3579 447 3643 Servilio
463 3580 549 3641 Varro
564 3581 699 3664 Ijirurico,
718 3579 809 3663 Appio
823 3579 937 3642 thudin
953 3574 1090 3654 Pulchro,
1109 3588 1175 3640 ome
1195 3575 1334 3664 Cbrilium

495 3697 546 3758 78.
593 3698 727 3758 Ciceronis
740 3691 885 3778 oigefimus
899 3697 1025 3756 monus.

231 3802 969 3892 Cicerocausatusvaletudinemhujueanniaestate
978 3793 1335 3881 Athenaspmleuusest.

187 3893 259 3959 Erat
270 3897 350 3964 certi
362 3923 399 3964 eo
409 3914 546 3984 tempore
556 3898 588 3960 in
599 3897 747 3960 Cicerone
755 3893 872 3956 summa
881 3890 1040 3976 gracilitas,
1057 3891 1087 3952 dt
1098 3883 1257 3947 infirmitas
1267 3903 1336 3944 cor·
1396 3898 1397 3981 3

187 3987 279 4066 poris,
294 4007 453 4071 procerum
470 3989 604 4050 &tenue
615 3985 738 4058 collum,
748 3981 801 4066 qui
811 3978 931 4042 habitus
945 3997 1007 4040 non
1021 3972 1127 4059 procul
1137 3970 1233 4072 abesse
1247 3983 1336 4052 puta·
1396 3992 1397 4011 1

187 4077 340 4139 turivitae
361 4075 506 4160 periculo,
526 4071 670 4136 sraccedit
690 4070 785 4145 labor,
813 4073 843 4132 &
865 4067 995 4129 laterum
1013 4075 1177 4160 contentio.
1216 4055 1335 4158 ltaque,
1395 4140 1396 4143 Ἴ

187 4167 259 4226 edm
273 4183 345 4226 eum
360 4162 491 4230 amici&
507 4160 617 4226 medici
631 4159 832 4233 hortarentur,
848 4169 883 4218 ut
897 4150 1019 4219 ecaufis
1037 4148 1161 4236 agendo
1174 4143 1336 4210 abstineret
1395 4152 1396 4175 ¹
