2825 4775
372 296 376 306 '
378 270 978 401 nannevouurr‘.

189 468 406 571 Asconium
422 470 651 566 Pedianum,
677 474 845 587 Paulum
863 471 1103 566 Manutium,
1123 470 1297 581 aliosque

191 586 360 683 melioris
397 622 498 687 notae
537 583 768 715 Interpretes
804 626 968 701 secutus,
1007 606 1217 700 utilissima,
1253 624 1299 688 ut

190 718 423 842 plurimum,
462 768 594 821 rerum
615 742 786 862 ipsarum
816 746 1104 851 verborumque
1134 739 1296 847 Exposi-

89 860 94 867 ’
191 867 311 972 tione,
330 862 563 954 Lectoribus
582 874 760 979 prodesse
780 874 918 956 maluit
936 872 1045 984 [plus
1062 891 1193 955 tamen
1212 900 1299 979 pro·

178 1002 359 1097 ¹futurus,
390 1004 419 1083 si
445 1008 493 1085 ab
519 1004 592 1087 istis
619 1007 897 1115 Interpretibus
923 1006 1157 1089 doctioribus
1182 1004 1301 1086 rarius

188 1134 453 1245 discessisset]
512 1139 616 1229 Quid
637 1142 810 1221 autem-l
828 1140 939 1220 nobis
957 1138 1169 1247 praestitum
1187 1136 1305 1219 fuerit

196 1269 332 1376 paucis
351 1272 502 1379 accipe.
533 1299 536 1305 ’
562 1277 694 1353 Habes
712 1272 916 1382 imprimis,
947 1280 1100 1367 Lector,
1135 1272 1300 1353 Librum

198 1405 307 1484 hunc
327 1421 515 1500 nostrum,
553 1406 646 1487 licet
663 1435 744 1487 non
762 1405 1134 1501 emendatissimum,
1171 1406 1303 1489 Parisi-

201 1518 282 1619 ensi
319 1556 449 1621 tamen
482 1542 599 1649 longe
633 1541 954 1623 emendatiorem.
1016 1544 1148 1623 Habes
1182 1540 1302 1623 etiam

202 1672 504 1768 Divinationem‚
531 1682 576 1755 C.
594 1674 815 1769 Rabirium,
843 1681 1081 1771 Muraenam,
1112 1675 1300 1769 Coelium,

197 1823 314 1914 atque
331 1804 528 1900 Pisonem,
570 1791 770 1889 Orationes
788 1808 1005 1925 admodrlm
1013 1809 1222 1917 jucundas,
1261 1813 1300 1887 dc

199 1968 356 2046 semper
378 1946 414 2020 δι
438 1940 609 2021 multum
627 1940 809 2037 laudatas,
840 1970 929 2050 quae
948 1960 1078 2024 tamen
1096 1968 1305 2050 nunquam

200 2076 366 2157 antehac
396 2074 494 2155 inter
527 2077 682 2159 selectas
713 2077 846 2185 positae
874 2078 1040 2163 fuerant.
1110 2078 1306 2159 Caeterum

81 2213 86 2223 ’
201 2238 298 2289 curn
333 2208 373 2289 in
403 2208 662 2304 Divinatione,
698 2202 867 2303 Pisone,
888 2226 1006 2319 atque
1033 2210 1186 2291 Milone
1219 2211 1307 2317 pul-

203 2340 400 2424 cherrima
428 2342 563 2440 multa‚
598 2344 781 2452 quaedam
799 2358 932 2425 autem
953 2340 1072 2452 pauld
1086 2340 1306 2426 difficiliora

64 2531 72 2542 -
203 2492 423 2570 occurrant,
461 2475 501 2558 in
527 2475 649 2586 iisque
674 2477 915 2585 explicandis
933 2477 1156 2560 ,felicissime
1178 2477 1308 2559 elabo-

203 2611 341 2693 raverit
362 2609 567 2704 Asconlus,
603 2617 867 2718 Interpretum
896 2609 1078 2689 omnium
1096 2609 1308 2719 antiquissi-

206 2773 294 2826 mus
312 2729 443 2853 longe,
477 2743 805 2851 clarissimusque3
844 2769 924 2822 non
942 2742 1207 2824 inconsultum
1224 2745 1307 2826 fore

210 2877 442 2984 putavimus,
480 2903 531 2958 ex
556 2873 698 2957 eodem
728 2874 972 2983 potissimum
997 2875 1170 2958 Asconio
1189 2883 1310 2964 Notas

159 3032 166 3044 ’
208 3013 394 3119 quasdam
407 3013 610 3119 perbreves
621 3010 660 3090 in
672 3009 758 3090 loca
768 3008 833 3091 illa
842 3009 1061 3091 obscuriora
1078 3009 1308 3118 adjunxisse,

146 3133 149 3150 ¹
209 3145 260 3226 de
294 3144 434 3253 quibus
465 3143 488 3226 a
523 3143 676 3225 Gallico
715 3149 928 3251 Interprete
953 3161 1020 3225 aut
1040 3143 1139 3255 nihil
1157 3173 1310 3252 prorsus

210 3293 267 3360 est
284 3279 449 3372 dictum,
484 3291 551 3358 aut
579 3277 713 3358 saltem
742 3276 808 3358 vix
836 3278 920 3358 satis
947 3276 1131 3358 dilucide.
1190 3278 1312 3359 Deni-

212 3441 292 3522 que
310 3411 472 3494 Milonis
486 3422 781 3522 Argumentum
799 3411 1081 3506 Asconianum,
1114 3438 1210 3495 cum
1225 3414 1312 3520 plu·

161 3555 165 3562 '
213 3547 314 3629 rima
328 3546 535 3640 contineat,
571 3548 659 3656 quae
692 3545 784 3628 alibi
811 3546 947 3628 frustra
970 3545 1198 3656 quaesiveris,
1231 3576 1313 3630 non

215 3683 345 3796 minus
363 3699 493 3768 tamen
519 3683 569 3763 ad
591 3681 807 3774 universam
838 3708 977 3763 eorum
1003 3699 1228 3791 temporum
1243 3683 1316 3764 lli-
1341 3668 1343 3673 ⁸

215 3816 384 3912 storiam,
427 3844 547 3926 quam
577 3818 625 3896 ad
660 3815 888 3898 Orationem
915 3814 1024 3898 istam
1052 3815 1316 3924 illustrandam

216 3929 440 4046 necessaria,
472 3949 670 4060 integrum
691 3952 771 4045 hle,
798 3952 1045 4060 praelongum
1066 3950 1171 4047 licet,
1196 3979 1320 4060 appo·

217 4089 396 4170 nendum
437 4085 670 4168 curav-imus.
730 4085 839 4167 Nihil
876 4102 999 4182 restat,
1043 4091 1198 4176 lector,
1246 4085 1320 4166 nisi

222 4216 321 4302 forte
338 4217 531 4328 Analysin
561 4217 812 4304 Parisiensem
844 4218 913 4302 tibi
942 4220 1071 4321 deesse
1089 4235 1324 4329 conquestus
