2825 4775
197 256 237 313 86
468 320 470 326 ,
541 250 589 315 Μ.
612 250 763 317 TULLII
786 250 1017 331 CICERONIS

241 386 348 461 simus:
372 386 441 449 Asia
454 392 526 451 verb
539 400 603 449 tam
627 386 730 470 opima
742 384 787 449 est
799 390 828 451 δι
840 386 969 465 sertillis,
991 400 1031 449 ut
1053 390 1084 450 dt
1100 385 1235 450 ubertate
1250 408 1330 475 agro·

238 495 317 548 rum,
335 474 518 539 &varietate
532 473 703 549 fruuuum,
720 478 750 537 δι
762 474 969 559 magnitudine
984 472 1137 556 pastionis,
1154 479 1184 537 &
1197 476 1331 550 multitu·

197 566 216 622 5
239 562 310 624 dine
324 581 427 623 earum
442 582 543 625 rerum
564 582 632 644 quae
647 575 853 645 exportantur,
877 561 962 624 facile
980 561 1123 638 omnibus
1145 562 1232 625 terris
1251 578 1331 627 aute-

155 682 167 703 ,
237 649 334 710 cellat.
378 648 485 732 Itaque
498 649 564 713 hacc
581 647 665 711 vobis
691 648 854 732 provincia,
877 648 1024 734 Quirites,
1048 648 1067 712 fi
1083 648 1121 710 ad
1137 648 1209 711 belli
1224 650 1333 727 utilita-¹

235 750 310 811 tem,
336 739 365 799 st
382 736 463 819 pacis
478 736 656 821 dignitatem
679 736 813 799 retinere
829 737 932 812 vultis,
949 758 1012 799 non
1026 734 1119 798 modi>
1138 734 1335 802 declamitate

235 820 286 885 sed
301 824 392 885 etiam
407 832 423 885 ὲ
437 838 522 887 metu
548 822 724 887 calamitatis
749 822 793 885 est
816 822 1016 886 defendenda
1061 822 1144 885 Nam
1164 825 1281 887 caeteris
1300 827 1333 890 iu

235 910 325 973 rebus
339 932 411 974 cum
424 910 507 974 venit
531 910 694 986 calamitae,
720 925 786 972 tum
815 911 1033 973 detrimentum
1059 910 1226 993 accipitur:
1247 927 1280 974 at
1304 915 1335 977 in

197 997 437 1083 10vedligalibos
452 1018 514 1061 non
523 995 621 1060 solium
633 998 779 1059 adventus
794 998 877 1073 mali,
899 997 949 1060 sed
964 999 1056 1060 etiam
1071 1014 1170 1060 metus
1180 997 1240 1082 ipse
1251 1001 1338 1064 affert

231 1085 446 1165 ¹‹;alumitatem.
491 1084 573 1147 Nam
584 1082 657 1147 ciam
668 1084 800 1147 hostium
812 1086 908 1169 copiae
917 1106 979 1147 non
990 1087 1078 1169 longe
1090 1085 1208 1162 absunt,
1222 1085 1336 1151 etiamst

197 1182 210 1231 ἰ
236 1170 363 1255 irruptio
377 1170 549 1238 lactanulla
573 1173 617 1247 fit,
640 1187 742 1235 tamen
767 1193 875 1254 pecora
899 1174 1123 1255 relinquuntur,
1158 1174 1341 1257 agricultura

235 1258 389 1336 deseritur,
412 1274 613 1323 mercatorum
630 1260 779 1343 navigatio
794 1260 988 1339 conquiescit.
1033 1260 1079 1321 Ita
1094 1282 1195 1343 neque
1209 1284 1247 1324 ex
1267 1286 1339 1346 por·

234 1360 280 1425 tu,
302 1368 402 1429 neque
417 1369 453 1409 ex
469 1347 616 1421 decumis,
631 1366 732 1428 neque
746 1368 785 1408 ex
799 1344 944 1431 scripturi
957 1347 1088 1433 vestigal
1100 1348 1268 1427 conservari
1283 1373 1339 1434 po-

194 1432 314 1507 l5test3
338 1454 429 1515 quare
444 1433 520 1516 saepi:
532 1435 624 1496 totius
636 1432 707 1495 anni
723 1432 843 1495 frustus
865 1456 926 1497 ono
940 1456 1061 1499 rumore
1080 1436 1220 1518 periculi,
1242 1451 1336 1522 atque

234 1540 296 1580 uno
311 1518 382 1581 belli
396 1534 509 1583 terrore
523 1520 680 1583 amittitur.
696 1513 802 1604 ἤραο
816 1522 939 1583 taudem
959 1523 1062 1585 animo
1077 1524 1134 1586 esse
1151 1522 1341 1603 existimatis,

201 1656 204 1671 .
234 1619 287 1667 aut
301 1626 353 1669 eos
373 1606 426 1688 qui
444 1607 603 1691 vestigalia
622 1606 898 1689 vobisbpenlitant,
921 1624 974 1670 aut
987 1630 1041 1671 eos
1061 1610 1114 1690 qui
1138 1625 1278 1685 exercent
1293 1628 1341 1675 at·

234 1714 294 1773 que
310 1692 445 1777 exigunt,
468 1693 540 1757 crim
555 1694 616 1755 duo
632 1692 735 1776 Reges
750 1714 822 1755 cum
836 1693 977 1757 maximis
996 1696 1093 1778 copiis
1107 1705 1200 1781 prope
1217 1699 1339 1763 adfint?

234 1778 306 1841 clim
319 1801 378 1841 una
393 1780 530 1843 excursio
542 1778 694 1862 equitatirs
710 1780 848 1862 perbrevi
862 1794 999 1862 tempore
1014 1782 1108 1843 totius
1119 1785 1190 1844 anni
1204 1786 1343 1871 vestigal

190 1866 354 1929 auauferre
374 1866 483 1951 possit?
507 1866 579 1930 crim
599 1866 752 1950 publicani
767 1866 897 1932 familias
912 1868 1069 1943 maximas,
1093 1890 1167 1949 quas
1183 1870 1214 1930 in
1235 1871 1342 1937 salinis

233 1952 356 2029 hebent,
379 1976 453 2034 quas
478 1954 511 2015 in
525 1954 616 2038 agris,
637 1953 760 2033 quasin
776 1954 922 2035 portubus
942 1969 1033 2038 atque
1048 1953 1202 2031 custodiis,
1225 1977 1347 2042 magno

232 2040 367 2123 periculo
392 2041 421 2102 se
446 2039 556 2103 habere
583 2039 788 2102 arbitrentur?
811 2039 979 2103 Putatis-ne
1001 2062 1055 2103 ros
1077 2042 1135 2107 illis
1156 2043 1246 2106 rebus
1272 2044 1343 2110 frui

232 2128 354 2209 cpoffe,
376 2128 429 2188 nisi
441 2148 503 2203 eos,
526 2128 579 2211 qui
593 2126 677 2190 vobis
691 2126 808 2188 srottui
828 2126 908 2202 sunt,
931 2127 1184 2205 conservaveritis,
1208 2152 1271 2193 non
1287 2134 1342 2196 so-

191 2212 296 2363 2⁵151an
324 2218 371 2297 (ut
388 2220 465 2347 aante
489 2214 564 2300 dixi)
591 2212 843 2293 calamitate‚jsed
867 2214 962 2282 etiam,
980 2216 1155 2282 calamitatis
1169 2218 1341 2308 formidine

249 2322 258 2363 1
297 2316 394 2367 ratos.

452 2478 467 2530 b
482 2479 531 2566 qui
535 2481 662 2567 filount.
794 2498 808 2530 0
814 2479 951 2566 fruHum
964 2496 1067 2564 cupere.

220 2657 243 2704 3.
257 2651 376 2720 ⁸libertate
392 2655 518 2721 agrorum]
539 2658 596 2705 Tria
606 2661 661 2703 sunt
670 2657 746 2704 recti·
777 2660 837 2704 nire
846 2658 995 2718 dicebantur,
1011 2661 1074 2706 mrde
1092 2660 1255 2722 scripturarius
1271 2674 1345 2724 ager.

187 2721 275 2777 galinm
286 2723 746 2784 genera,exquibosmugnusopescol·
810 2726 842 2770 20
859 2723 888 2770 ln
903 2724 984 2770 salian
1001 2723 1105 2781 labent]
1137 2726 1209 2771 Multi
1225 2726 1347 2776 dubitant

187 2783 294 2842 ligebsnt
306 2787 415 2832 Romani.
777 2786 808 2832 rle
819 2787 1037 2846 hacrocesalinis5
1057 2795 1265 2835 namcemmest
1276 2794 1348 2852 qood

223 2847 329 2894 Primum
347 2849 450 2905 decarne,
476 2851 522 2895 alae
538 2849 641 2906 derium·
663 2850 745 2910 exige·
778 2851 809 2897 ab
818 2854 886 2899 Anco
894 2853 994 2909 Martio,
1010 2863 1039 2898 ut
1048 2853 1220 2899 Pliniusrefcrt
1230 2853 1272 2900 lib.
1299 2859 1346 2903 sl.

188 2909 274 2956 bantur
289 2913 424 2958 autminus
436 2913 466 2962 ab
475 2913 564 2959 civibus
573 2915 695 2970 murenis,
705 2916 743 2960 rel
774 2929 828 2974 cap.
838 2917 860 2962 7.
874 2916 955 2962 mlius
963 2915 1046 2963 Mutae
1054 2916 1168 2962 institutae
1176 2916 1274 2964 suerint.
1295 2923 1348 2967 Sed

189 2973 267 3020 Latini
285 2975 385 3022 nominis
399 2976 476 3034 stuciis,
499 2977 539 3037 qui
559 2977 583 3023 in
605 2977 682 3034 tantis,
702 2982 744 3024 aut
775 2978 951 3038 illudvectigul,
966 2978 1048 3039 ejectis
1056 2980 1168 3037 Regibus,
1177 2982 1349 3031 senatrice-on.

187 3043 257 3083 extra
276 3039 378 3096 ltaliam,
394 3040 515 3099 publicum
533 3053 616 3098 agrum
634 3041 743 3096 arabant,
776 3043 837 3087 urltu
852 3043 970 3090 sublatum
992 3051 1038 3099 est,
1060 3044 1122 3103 quod
1139 3044 1236 3091 taudem
1253 3047 1349 3095 &mse

187 3101 333 3149 utsnrmenti
342 3103 454 3150 decumas
469 3107 598 3151 miserunt:
623 3105 670 3151 illae
689 3109 745 3151 veni
777 3105 863 3152 iterum
876 3107 966 3154 Censor
981 3109 1079 3154 Marcus
1095 3107 1174 3153 Livius
1187 3109 1282 3168 rotulit,
1304 3115 1351 3172 qru’

188 3165 336 3222 potisslmum
362 3167 532 3226 colligebantur
558 3182 591 3214 ex
616 3167 744 3227 frumento,
775 3169 1104 3217 obidSulinatordictosest.
1140 3172 1212 3218 Certe
1220 3187 1350 3234 nusquam

188 3228 251 3286 uiuo,
260 3233 320 3288 oloo,
329 3231 352 3277 δι
364 3231 468 3290 frugibus
478 3232 583 3279 minutis.
776 3232 894 3293 legiturin
907 3235 971 3291 Asis,
988 3239 1030 3280 aut
1043 3237 1091 3280 ulit
1101 3235 1147 3282 alit
1156 3235 1284 3294 provincis
1299 3239 1352 3289 im.

221 3295 356 3342 Secundom
373 3295 495 3356 scriptura,
512 3295 534 3341 tc
555 3301 607 3342 erat
621 3295 677 3344 illud
688 3311 745 3345 rec·
777 3297 881 3358 pou'tum
898 3313 964 3357 care,
981 3299 1110 3358 addcqood
1121 3299 1206 3346 Cicero
1219 3299 1252 3346 de
1262 3304 1352 3352 tribus

187 3355 245 3414 tigal
255 3359 318 3418 quod
325 3359 473 3418 pendebatur
487 3358 518 3405 ab
536 3359 564 3406 iis
577 3360 617 3420 qui
633 3361 706 3420 sylsis
722 3362 746 3407 tc
777 3365 873 3408 tantum
882 3363 1035 3410 Tribotonrm
1045 3363 1169 3421 gener-ibus
1180 3363 1299 3423 loquitur,
1316 3369 1351 3415 de

186 3422 281 3478 poeuis
299 3423 399 3482 publicis
417 3423 563 3480 fruebantur,
591 3423 645 3472 inde
663 3429 745 3473 autern
777 3425 995 3487 salinisuusquam3
1014 3428 1095 3487 itaque
1109 3428 1215 3482 mallem,
1233 3429 1306 3478 sicut
1323 3433 1352 3482 in

186 3485 303 3544 scriptura
310 3487 412 3546 vectigal
421 3487 477 3534 illud
484 3487 575 3534 dictum
586 3495 631 3544 est,
643 3491 706 3550 qirdd
714 3490 744 3537 de
777 3490 857 3537 multis
864 3491 985 3551 codicibus
993 3490 1047 3550 legi,
1061 3489 1164 3546 casselin
1184 3503 1241 3538 cum
1252 3498 1354 3544 salicta

186 3553 253 3595 certo
263 3563 310 3596 aare
323 3552 465 3597 Publicanos
475 3551 612 3599 conveniret
623 3565 679 3601 cnm
695 3555 743 3600 Pa-
776 3554 903 3615 adposcm
910 3563 1007 3616 possent
1015 3554 1144 3614 preminere,
1165 3569 1219 3614 quae
1229 3560 1352 3615 plerum.

187 3615 259 3668 sture,
268 3612 370 3674 illudque
380 3614 532 3662 describeret.
740 3629 745 3638 ·
773 3630 820 3676 que
828 3618 939 3664 salicibus
946 3617 1039 3666 consita
1045 3623 1101 3664 mut
1112 3618 1210 3680 [Subaris
1219 3623 1355 3673 exhibent

220 3675 328 3723 Tertium
346 3679 457 3736 vectigal,
486 3679 594 3739 portoria.
630 3681 742 3728 Pecuniae
773 3695 856 3730 omnes
868 3683 920 3729 libri
936 3685 1005 3729 MSS.
1029 3687 1110 3729 uretur
1135 3684 1210 3730 ctiam
1233 3689 1355 3739 nudem

186 3747 263 3796 erant,
280 3755 338 3800 oua
356 3742 506 3802 portitoribus
525 3743 697 3802 pendebantur,
718 3746 742 3792 id
773 3746 902 3793 lectionem
913 3745 1058 3804 Cajaciarad
1073 3749 1088 3793 l.
1114 3748 1151 3792 Π.
1169 3747 1244 3794 D.dc
1261 3752 1351 3802 verb.

186 3807 231 3858 eu,
241 3803 310 3864 iisqui
320 3806 440 3852 mercedes
448 3819 479 3852 en
489 3807 606 3853 mercibus
615 3807 638 3854 iu
646 3813 742 3868 portum
774 3809 858 3869 signif.
870 3811 894 3855 tc
904 3810 990 3858 merito
1000 3811 1089 3860 retinet
1098 3806 1226 3868 Grauius]

186 3869 328 3915 devellendis
338 3869 474 3929 exigebant
806 3876 845 3922 2³.
875 3871 1086 3931 contemnentia]
1115 3878 1353 3933 Argumentationis

221 3932 258 3978 ls.
275 3931 455 3994 deterrerent]
478 3934 523 3982 Qui
538 3949 626 3995 pastura
646 3937 742 3996 publica
775 3938 852 3984 brevis
861 3938 980 3986 conclusio
989 3953 1045 3988 erun
1062 3939 1227 3986 adhortatione
1248 3945 1287 3990 ad
1305 3959 1353 3994 eos

186 3994 742 4064 locabunt,peouarii,sommquerationesscrip-
773 4001 951 4051 mnasilus.
