2825 4775
364 234 544 324 oanuro
564 227 656 300 etto
679 235 717 302 a.
740 207 969 303 manua.
1015 272 1017 281 ·
1195 246 1258 312 ιιι
1293 190 1298 202 ’

104 339 156 410 illo
172 347 314 434 gravior?
348 348 529 434 sapientior?
551 347 673 419 Possum
697 351 735 413 de
749 350 787 414 L‘.
818 350 971 438 Philippo,
993 351 1032 414 de
1053 351 1092 416 C.
1109 353 1213 432 Gallo,

105 435 208 500 dicere
220 437 287 501 haec
307 439 431 502 eadem:
453 438 503 500 sed
518 452 548 500 te
563 438 691 500 domum
702 440 768 524 jam
783 438 931 503 deducam
946 432 1053 503 tuam.¹
1088 441 1256 528 Quem-70

103 541 242 607 quamne
265 527 414 590 existunas
436 525 553 590 Catone
583 547 694 610 proavo
728 541 782 591 tuo
815 527 1065 606 commodiorem,
1096 532 1213 594 comio-

104 631 185 690 rem,
209 615 439 678 moderatiorem
469 613 554 677 suisse
570 613 607 676 ad
622 636 746 677 omnem
761 617 909 679 rationem
926 616 1149 680 humanitatis?
1171 621 1212 682 de
1313 683 1318 691 ,

102 700 358 788 cujuspraestanti
383 704 492 766 virtute
508 705 577 766 clim
599 699 669 766 vere
699 703 892 790 graviterque
917 704 1044 782 diceres,
1066 705 1211 768 domesti-

102 807 179 852 cum
195 803 224 852 te
238 790 348 854 habere
362 789 461 854 dixisti
487 791 663 874 exemplum
685 793 723 853 ad
738 791 930 855 imitandum.
975 792 1027 855 Est
1041 793 1117 855 illud
1143 793 1212 876 qui·

99 875 176 938 dem
191 881 366 964 exemplum
381 877 436 942 tibi
449 879 636 964 propositum
663 880 768 942 domi:
790 879 841 942 sed
855 894 959 943 tamen
973 895 1088 943 naturae
1105 881 1256 947 simili-75

99 964 180 1028 tudo
192 963 273 1030 illius
287 969 325 1031 ad
340 982 369 1031 te
384 969 492 1052 magis,
504 967 557 1051 qui
566 965 603 1028 ab
618 967 671 1028 illo
686 981 771 1029 ortus
783 989 826 1043 es,
841 978 934 1051 quam
949 967 986 1029 ad
1002 989 1208 1052 unumquem-

100 1072 163 1134 que
178 1053 316 1120 nostrirm
331 1056 489 1140 pervenire
503 1053 623 1137 potuit:
638 1055 676 1116 ad
691 1055 875 1118 imitandum
888 1052 960 1117 verb
977 1069 1040 1117 tam
1054 1056 1129 1118 mihi
1139 1079 1211 1141 pro-

101 1138 233 1222 positum
249 1144 404 1228 exemplar
419 1143 494 1206 illud
510 1141 565 1219 est,
587 1141 681 1224 quam
705 1141 770 1204 tibi.
815 1141 877 1205 Sed
893 1143 914 1204 fi
928 1136 1009 1204 illius
1024 1145 1210 1221 comitatem,

101 1229 134 1292 δι
164 1227 342 1307 facilitatem
364 1247 426 1296 tuae
448 1229 587 1316 gravitati
609 1221 819 1314 severitatique
841 1229 1028 1314 adsperseris,
1061 1252 1124 1292 non
1155 1233 1211 1295 ista

100 1314 226 1396 quidem
237 1336 329 1384 erunt
343 1319 479 1395 meliora,
502 1340 571 1402 quae
586 1338 668 1380 nunc
683 1315 753 1380 sunt
767 1317 893 1402 optima,
915 1317 966 1380 sed
988 1332 1069 1382 certe
1083 1319 1252 1384 condita80

100 1402 274 1472 'ucundius
841 1403 848 1408 ’

95 1425 107 1487 J
187 1492 278 1558 XIV.
304 1495 421 1582 Quare,
444 1506 479 1558 ut
507 1493 591 1557 adid
613 1494 695 1578 quod
711 1493 826 1558 institui
848 1507 989 1570 revertar,
1004 1497 1085 1560 tolle
1099 1495 1208 1560 mihie

97 1578 190 1646 caussa
216 1601 363 1646 &nomen
389 1581 534 1646 Catonis:
556 1603 690 1658 remove,
712 1604 747 1646 ac
771 1583 968 1668 praetermitte
982 1583 1209 1661 auctoritatem,
1248 1611 1252 1617 ·

98 1687 165 1750 quae
184 1669 217 1730 in
238 1679 240 1684 '
244 1669 368 1755 judiciis
393 1685 446 1734 aut
460 1668 536 1734 nihil
550 1669 659 1746 valere,
682 1685 735 1734 aut
761 1672 798 1733 ad
820 1669 947 1734 salutem
972 1672 1061 1735 debet
1085 1674 1207 1735 valere:

97 1757 285 1842 congredere
294 1778 417 1821 mecum
432 1757 608 1821 criminibus
622 1755 701 1842 ipsis.
748 1759 835 1846 Quid
849 1759 981 1836 accusas,
1004 1758 1108 1823 Cato?
1131 1760 1206 1843 quid

98 1841 187 1908 affers
202 1845 235 1908 in
261 1845 437 1930 judicium?
461 1846 535 1930 quid
561 1843 685 1951 arguis?
710 1847 872 1909 Ambitum
899 1845 1045 1911 accusas?
1067 1869 1131 1911 non
1153 1849 1206 1910 de·
1228 1853 1249 1912 5
1277 1865 1280 1871 ’

97 1927 202 2028 fendo.
248 1933 304 1998 Me
319 1932 525 2018 reprehendis,
547 1934 632 2018 quod
647 1933 729 1996 idem
743 1935 917 2014 defendam,
940 1934 1023 2018 quod
1034 1935 1101 2022 lege
1116 1934 1206 2020 puni-

95 2019 217 2088 verim?
241 2021 346 2104 punivi
360 2021 520 2098 ambitum,
541 2043 606 2084 non
634 2022 857 2088 innocentiam:
880 2021 1029 2087 ambitum
1056 2021 1129 2088 verb
1159 2023 1207 2109 ip-

96 2106 163 2176 sum
178 2109 227 2174 vel
241 2122 344 2174 tecum
359 2110 515 2188 accusabo,
538 2109 559 2170 s1
573 2111 667 2174 voles.
712 2109 824 2174 Dixisti
838 2110 1139 2189 senatusconsultum,
1154 2134 1207 2174 me

95 2200 259 2274 referente,
290 2198 349 2261 else
371 2197 501 2262 sedtum.
545 2195 579 2260 Si
601 2199 741 2262 mercede
763 2200 899 2284 corrupti
920 2199 1205 2262 obviam'candida·

95 2288 136 2352 tio
160 2285 303 2362 tffenesr
330 2286 477 2352 conducti
502 2284 700 2365 sedarentur,
723 2285 744 2349 li
770 2286 986 2372 gladiatoribus
1004 2283 1099 2373 vulgo
1114 2289 1247 2350 locuslo

95 2374 249 2450 tributim,
261 2376 290 2437 a
303 2373 377 2439 item
391 2373 518 2460 prandia
531 2373 552 2437 li
567 2372 667 2462 vulgo·
680 2375 772 2439 essent
787 2377 876 2454 data3
899 2390 1003 2440 contra
1017 2376 1117 2461 legem
1132 2373 1204 2439 Cal-

95 2464 239 2547 purniam
263 2462 382 2528 fastum
397 2464 501 2527 videri.
546 2462 628 2550 Ergo
651 2461 692 2525 ita
706 2463 836 2529 Senatus
847 2464 965 2550 judicat
983 2478 1088 2526 contra
1102 2465 1204 2547 legem

95 2549 180 2615 sadla
193 2550 259 2617 baec
284 2551 390 2628 videri,
412 2550 433 2618 st
459 2550 543 2617 facta
557 2550 634 2615 smt:
656 2552 802 2627 decernit,
825 2553 909 2635 quod
939 2550 1014 2612 nihil
1040 2570 1118 2632 opus
1146 2549 1204 2626 est,

96 2640 172 2703 dum
187 2638 353 2703 candidatis
367 2660 486 2704 morem
500 2639 598 2725 gerit;
622 2658 693 2700 nam
719 2637 838 2701 factum
850 2638 896 2715 fit,
918 2658 1025 2711 necne,
1040 2635 1203 2698 vehemen-

95 2740 141 2789 ter
153 2728 319 2812 quaeritu13
342 2725 498 2793 fifaslum
520 2726 566 2804 fit,
589 2724 664 2809 quin
679 2738 784 2811 contra
798 2727 899 2813 legem
918 2724 964 2802 sit,
987 2721 1124 2788 dubitare
1145 2728 1246 2790 ιιι-15

461 2890 466 2897 ’
552 2902 784 2966 taunmtarem.

124 3078 345 3146 sanmaruppu]
378 3080 549 3143 Philippnsille
559 3082 652 3131 Graecia
683 3081 797 3143 quotibet
806 3082 921 3144 explicat.
1200 3111 1202 3116 ·

91 3146 495 3206 literisexcelluit,utdicitCic.iu
504 3148 585 3195 Bruto.
718 3142 757 3195 10.
790 3146 901 3196 conducti
923 3142 1086 3205 sectarentur]
1128 3146 1246 3196 Homines

125 3210 251 3259 tuneo,
265 3210 358 3269 Gallo]
390 3212 429 3259 De
439 3213 509 3259 Gallo
517 3210 650 3273 loquiture-
682 3210 786 3272 perum&
810 3211 915 3273 comapti
936 3212 1030 3259 honoris
1060 3212 1133 3258 carus
1160 3209 1246 3259 caudi-
1324 3249 1332 3257 .

90 3276 150 3325 tiam
163 3274 189 3323 in
209 3278 291 3325 Bruto.
327 3276 467 3336 astrologiae
495 3274 651 3337 perstrennuus
682 3276 759 3333 datos,
780 3290 837 3324 cum
852 3276 878 3323 lu
894 3289 1009 3336 campum
1027 3275 1145 3322 Martium
1162 3274 1246 3321 venie-

89 3340 142 3389 sui‘.
179 3338 568 3403 HicdeLiguribustriumpbavit
682 3341 750 3399 bant,
772 3340 941 3401 sequebantur,
979 3342 1007 3385 ut
1033 3339 1088 3385 inde
1116 3342 1246 3399 appareret

121 3402 295 3463 sacomam]
328 3404 615 3462 Condita,acondlendo.
681 3400 1173 3465 populoquamdignieeeentMagistratu.

123 3467 546 3533 1.2a0reuradidquodinsritui.]
579 3466 651 3517 uadit
716 3469 754 3517 lb.
784 3464 979 3524 Gladiatoribus]
1011 3466 1119 3513 vetabat
1140 3466 1182 3514 illa
1201 3470 1245 3517 lex

88 3534 192 3591 adrem,
203 3536 311 3597 petitque
325 3542 353 3581 ut
367 3536 398 3583 ab
416 3533 648 3590 baccamassatonis
681 3546 712 3580 ne
726 3534 779 3594 quis
796 3545 883 3579 multus!
900 3530 1066 3589 gladiatorium
1085 3528 1181 3579 biennio
1195 3548 1246 3594 quo

88 3606 241 3649 removeatur
251 3599 388 3657 auctoritas,
397 3612 450 3661 quare
461 3600 513 3659 plus
522 3600 648 3655 Murena,
681 3598 852 3658 Magistrotum
877 3595 989 3655 petierat,
1011 3594 1159 3655 petitsrrusve
1180 3601 1244 3653 erat,

86 3662 265 3727 quamobjeetn
273 3664 317 3725 ipsi
328 3663 439 3721 crimina,
450 3678 503 3725 qun
511 3666 576 3711 nulla
584 3652 649 3719 sunl,
681 3662 773 3773 Ederet,
807 3660 853 3709 uisi
877 3674 910 3707 ex
935 3663 1079 3709 momento
1109 3662 1245 3719 praestituta

87 3742 176 3777 nocere
215 3736 271 3779 ten.
611 3733 614 3738 '
698 3741 729 3774 re.

119 3796 144 3843 3.
161 3742 375 3855 sizimarium]
409 3790 650 3842 Inludiciianonde-
718 3794 755 3839 11.
771 3788 856 3851 Legem
865 3785 1035 3853 Culparum]
1068 3790 1107 3837 De
1127 3790 1174 3838 bac
1189 3792 1244 3850 lego

87 3854 130 3905 bet
141 3857 235 3905 attendi
251 3858 395 3908 crematoris
406 3859 543 3917 auctoritas,
557 3857 650 3931 uqquis
677 3855 887 3917 jamutcmmesc
1072 3856 1084 3865 '

85 3924 226 3980 monebar,
234 3925 276 3973 sed
286 3928 364 3987 potius
373 3924 514 3971 absolvatur.
603 3922 604 3925 ’
715 3920 751 3969 lb.
768 3922 857 3968 Contra
869 3919 939 3980 legera
951 3916 1046 3978 sideri]
1060 3919 1086 3968 Si
1100 3920 1152 3967 hec
1160 3918 1244 3966 omnia

119 3990 144 4036 7.
154 3987 244 4036 Paniai
250 3986 380 4046 ambitum]
407 3988 523 4035 Cicerone
530 3987 649 4035 reserante
681 3982 818 4033 {Muraena
828 3984 956 4033 commissa
965 3990 1030 4043 sunt,
1045 3998 1098 4045 qun
1108 3988 1174 4029 vetat
1191 3984 1256 4037 lex,

86 4054 253 4109 mlSenatum,
265 4055 500 4103 Senamflconsulmm
511 4052 602 4101 sactum
613 4057 650 4099 est
681 4066 730 4099 non
744 4056 782 4098 est
795 4049 894 4097 dubium
914 4049 972 4109 quin
987 4053 1072 4097 contra
1088 4050 1167 4106 legem
1183 4058 1244 4116 pee-

84 4119 115 4164 de
123 4116 227 4175 ambitu,
236 4124 398 4179 contraquem
405 4119 483 4175 legem
489 4116 545 4163 tulit
555 4117 649 4173 Cicero,
682 4113 773 4164 caverit
778 4134 786 4175 ;
804 4116 902 4170 arbec,
918 4119 1051 4163 auteorum
1059 4109 1245 4178 atiquafecme,

85 4180 154 4243 cidus
168 4182 323 4244 sequentibus
337 4181 446 4247 proxime
462 4180 540 4249 verbis
560 4186 651 4247 puncta
682 4181 783 4240 probare
791 4177 1022 4235 debentadreraarli,

658 4238 718 4307 Ee
