2825 4775
359 187 534 258 ORATIO
555 185 647 254 PRO
669 187 707 254 L.
729 185 959 256 MURAENA.
1186 199 1247 260 lss

93 323 189 394 habes
207 322 493 392 nomenclatorem?
516 323 549 388 in
574 345 613 388 eo
626 323 752 407 quidem
774 326 788 372 f
800 323 881 388 fallis
904 327 936 388 dr
951 323 1077 409 decipis.
1120 323 1207 390 Nam

96 417 257 492 linpmin'e
271 414 414 500 appellari
425 413 477 476 abs
491 425 522 476 te
536 412 616 476 cives
630 425 700 476 tuos
714 409 878 476 honestum
892 411 958 488 est3
982 425 1072 498 turpe
1085 411 1130 476 est
1152 435 1207 479 eos

96 506 235 568 notiores
255 505 315 568 effe
336 502 419 566 servo
440 516 495 566 tuo
516 521 609 583 quam
624 499 700 577 tibi3
723 499 768 562 fin
792 500 886 564 etiam
907 501 1002 576 noris,
1024 515 1128 564 tamen
1152 523 1209 588 per

96 593 283 658 monitorem
295 590 463 676 appellandi
477 587 572 653 sunt?
596 609 651 652 cur
676 601 748 652 ante
766 589 857 672 petis,
878 595 973 672 quim
986 589 1252 655 instisurraritisd

97 695 156 744 sut
178 681 263 766 quid,
285 700 358 742 cum
379 677 562 754 admoneris,
584 689 687 740 tamen
702 675 786 758 quafi
807 689 874 738 tute
896 674 991 752 noris,
1011 676 1054 740 ita
1075 678 1209 742 salutas?

97 769 189 852 quid,
202 768 396 852 posteaquam
412 787 444 830 es
456 766 638 850 designatus,
660 765 760 827 multo
774 763 885 826 salutas
894 763 1120 848 negligentius?
1142 766 1211 832 ltaec

96 857 205 920 omnia
218 857 257 919 ad
267 856 417 920 rationem
431 853 592 918 civitatissi
608 852 732 938 dirigas,
753 851 839 914 resia
852 851 944 914 sunt:
965 851 1010 914 sin
1023 855 1212 938 perpendere

97 947 139 1008 sd
153 944 318 1029 discipline
327 957 479 1029 precepta
492 939 578 1016 velis,
600 940 790 1023 reperiantur
813 937 991 1021 pravillima.
1035 940 1213 1026 theneo

97 1033 183 1118 plebi
195 1033 346 1097 Romanas
356 1031 506 1116 eripiendi
520 1027 643 1091 studius
663 1025 712 1088 isti
731 1026 802 1090 sunt
818 1026 973 1101 ludorum,
995 1027 1258 1112 gladiatorumsu

97 1121 331 1197 conviviorum,
367 1141 437 1204 quae
462 1116 566 1182 omnia
588 1116 719 1199 majores
739 1113 834 1176 nostri
862 1129 1134 1196 comparaveruntz
1153 1137 1213 1182 nec

98 1209 271 1273 candidatis
287 1207 343 1270 ista
356 1206 528 1292 benignitas
542 1201 705 1266 adimenda
718 1200 775 1278 est,
797 1223 867 1286 qure
880 1201 1092 1264 liberalitatem
1115 1205 1216 1290 magis

100 1295 263 1383 significat,
278 1317 371 1380 quam
384 1293 585 1378 largitionem.
694 1355 701 1369 ,
777 1343 783 1350 .

147 1381 210 1450 XV
212 1386 253 1448 11.
270 1386 315 1446 At
338 1383 422 1448 enim
436 1395 467 1443 te
489 1381 527 1442 ad
549 1375 753 1442 accusandum
777 1375 898 1461 respub.
920 1377 1056 1441 adduxit.
1101 1378 1216 1459 Credo,
1241 1388 1257 1445 1

99 1471 196 1550 Cato,
209 1489 241 1536 te
256 1471 314 1535 illo
328 1472 442 1545 animo,
457 1481 549 1552 atque
564 1473 598 1530 es
613 1465 756 1549 opinione
770 1465 902 1528 reniffe:
922 1463 975 1528 sed
987 1480 1024 1528 tu
1038 1466 1217 1550 impruden„

97 1561 145 1624 tis
156 1560 277 1624 laberis.
323 1559 390 1646 Ego
401 1557 484 1642 quod
495 1554 585 1630 facio,
600 1552 617 1617 J
622 1553 736 1630 udices,
750 1557 822 1616 cim
836 1551 977 1616 anricitiae
1001 1554 1217 1641 dignitatisque

99 1649 141 1712 L.
165 1649 319 1710 Mursense
340 1649 435 1732 gratis
449 1644 549 1719 sacio;
571 1656 639 1704 tum
653 1663 704 1704 me
726 1640 820 1725 pacis,
841 1641 908 1717 otii,
922 1643 1105 1719 concordie,
1127 1646 1218 1708 liber.

99 1738 187 1813 tetis,
211 1735 325 1812 salutis,
334 1803 336 1815 ¹
346 1735 403 1798 vire
432 1732 566 1817 denique
588 1729 729 1792 omnium
750 1727 884 1792 vestrum
899 1736 990 1795 causd
1003 1729 1104 1795 satem
1117 1733 1218 1798 clamo
1240 1741 1261 1798 ὅ

98 1838 199 1908 atque
213 1821 357 1887 obtestor.
406 1821 531 1898 Audite,
553 1817 656 1884 audite
678 1817 846 1918 consulem,
868 1817 1004 1892 ludices,
1025 1817 1103 1882 nihil
1117 1821 1219 1885 dicam

100 1910 691 2086 iffilssffioimdbibi
699 1907 897 2058 15¹²be
918 1905 1221 2080 ffisniisslli

105 2088 208 2172 spexit
232 2101 324 2172 atque
350 2085 541 2170 contempfit,
564 2098 600 2148 ut
624 2079 661 2145 ed
686 2081 784 2165 copiis,
805 2103 900 2164 quam
924 2081 1029 2146 secum
1050 2084 1168 2162 eduxit,
1190 2086 1221 2151 se

102 2177 189 2240 hanc
209 2177 362 2240 civitatem
376 2174 586 2260 oppressurum
609 2168 824 2246 arbitraretura
846 2170 937 2232 latius
961 2183 1045 2255 patet
1059 2171 1140 2236 illius
1154 2174 1267 2240 sce-lo
1370 2229 1373 2236 .

67 2335 72 2344 ¹
103 2263 182 2328 letis
210 2263 362 2350 contagio,
384 2269 477 2347 quim
503 2259 663 2348 quisquam
681 2271 787 2342 putat:
809 2257 848 2320 ad
866 2257 969 2342 plures
983 2259 1124 2343 pertinet.
1169 2261 1223 2326 In-

106 2366 176 2429 tus,
197 2349 289 2430 intus,
311 2352 449 2436 inquam,
471 2349 516 2415 est
540 2358 646 2434 equus
662 2345 828 2433 Tropina,
850 2352 868 2411 l
892 2367 956 2431 quo
978 2368 1148 2432 nunquam,
1170 2371 1223 2415 me

108 2438 248 2519 consule,
269 2442 454 2505 dormientes
478 2435 702 2525 opprimemini.
750 2435 874 2521 Quaeris
888 2442 904 2497 ὲ
918 2455 981 2511 me,
1000 2437 1075 2518 quid
1090 2458 1149 2522 ego
1162 2436 1225 2500 Ca·

107 2527 233 2592 tilinam
247 2528 407 2593 metuam?
429 2526 538 2604 Nihil,
563 2530 593 2591 8ι
610 2522 713 2587 curavi
726 2544 767 2585 ne
781 2520 850 2605 quis
864 2534 1034 2585 metueret:
1055 2524 1107 2586 sed
1121 2524 1241 2609 copias

105 2616 207 2694 illius,
229 2638 305 2700 quas
329 2616 380 2680 hle
394 2617 495 2692 video,
517 2614 587 2677 dico
612 2612 670 2676 effe
694 2609 895 2685 metuendasa
917 2630 975 2674 nec
988 2624 1052 2673 tam
1066 2610 1270 2679 timendusl5·

110 2702 159 2769 est
173 2726 257 2769 nunc
268 2705 420 2769 exercitus
431 2704 469 2767 L.
485 2702 636 2777 Catilinae,
646 2719 739 2781 quam
747 2695 807 2774 isti,
822 2698 876 2781 qui
890 2695 979 2760 illum
994 2702 1162 2765 exereitum
1171 2702 1226 2765 de-

110 2792 233 2857 seruiffe
248 2794 412 2856 dicuntur:
434 2814 497 2855 non
512 2791 595 2855 enim
619 2788 838 2862 deseruerunt;
861 2786 912 2849 sed
927 2786 965 2849 ab
983 2785 1036 2851 illo
1050 2787 1082 2850 in
1097 2788 1228 2873 speculis

111 2896 206 2965 atque
222 2881 335 2945 insidiis
344 2880 458 2958 relicti,
473 2880 505 2943 in
520 2878 630 2963 capite,
652 2889 744 2959 atque
756 2875 789 2937 in
802 2875 970 2939 cervicibus
989 2874 1097 2939 nostris
1111 2877 1228 2942 restite-

111 2984 209 3049 runt,
232 2970 265 3032 hi
277 2970 475 3054 &integrum
490 2966 656 3042 consulem,
674 2968 703 3027 &
720 2962 838 3027 bonum
848 2961 1074 3049 imperatorem,
1091 2968 1121 3031 dt
1138 2978 1228 3030 natu·

109 3064 147 3125 rl
160 3060 191 3123 8ι
204 3055 329 3123 sornmd
342 3078 415 3123 cum
427 3055 547 3142 reipub.
559 3055 654 3119 salute
667 3051 883 3138 conjunctum,
897 3051 989 3139 dejici
998 3052 1038 3117 de
1052 3052 1136 3118 urbis
1145 3062 1272 3140 pras-20

517 3237 532 3287 s
536 3230 656 3320 fitteris
674 3226 716 3294 tn*
728 3228 868 3312 dapem.

112 3417 130 3461 i
150 3417 240 3477 populo
253 3420 355 3476 propter
369 3410 432 3461 illius
452 3411 532 3460 sordes
559 3410 583 3457 dt
602 3408 680 3457 arari·
747 3410 785 3455 tu.
803 3406 931 3467 Erteqmr
948 3405 1084 3469 Mami
1101 3408 1163 3469 Equi
1177 3407 1274 3469 ijeni

111 3478 186 3528 πίω.
712 3472 808 3533 egregie
834 3470 976 3518 describitur
998 3472 1095 3519 historie
1113 3473 1178 3533 epud
1203 3476 1275 3536 virg.

147 3546 190 3592 ts.
209 3539 424 3600 Nouembrem]
451 3542 623 3589 Nomenolstor
643 3542 681 3586 ert
696 3556 698 3561 ·
712 3537 754 3584 lib.
772 3540 796 3584 2.
816 3534 916 3583 AEneid.
945 3536 1044 3598 ideoque
1072 3542 1130 3584 nota
1154 3540 1275 3587 omnibus.

110 3606 136 3655 ’1
149 3609 192 3670 qni
209 3606 306 3669 subjicit
316 3607 414 3655 nomine
424 3606 514 3655 civium
530 3607 678 3666 ignotorum:
714 3602 761 3650 Sed
774 3605 870 3648 unnim
881 3602 932 3646 vult
940 3602 1075 3658 ostendere,
1096 3618 1144 3650 nou
1155 3604 1186 3650 ab
1196 3605 1226 3652 iis
1235 3606 1277 3667 qui

112 3672 404 3735 mmmenhebnisse
416 3672 615 3730 Catonemnegnt
626 3670 683 3717 Pru-
717 3667 848 3715 Catilinam
865 3666 940 3713 seond
956 3672 1020 3724 mot,
1039 3666 1081 3714 sed
1102 3666 1133 3713 ab
1153 3668 1182 3714 iis
1192 3670 1232 3730 qui
1251 3670 1281 3716 in·

96 3740 224 3796 mecha,
235 3736 378 3786 eumerium
399 3739 451 3797 lege
467 3736 683 3783 vetltmnessetne
715 3733 814 3779 civitate
844 3737 1020 3789 remanserunt,
1063 3732 1277 3793 pertimircendum

112 3802 234 3863 petitores
244 3803 362 3850 baberent
371 3804 584 3850 nomenclatorem.
715 3810 774 3845 we.

152 3868 193 3915 ts.
212 3865 283 3925 tute]
301 3868 329 3915 ld
339 3866 425 3928 tuipse
436 3880 480 3929 per
494 3872 530 3925 tu,
542 3866 565 3912 dr
577 3878 624 3913 non
639 3880 683 3927 per
750 3866 788 3912 Π,
823 3861 856 3911 In
879 3858 996 3924 spetialis]
1023 3864 1131 3924 Sperolae
1148 3866 1202 3911 loco
1222 3867 1278 3909 nint

115 3932 195 3981 atium
204 3933 277 3981 noris.
716 3928 857 3983 editior-an
879 3925 964 3988 quibus
983 3928 1107 3975 venientes
1128 3925 1277 3989 prospiciun-

156 4000 177 4043 1.
195 3994 327 4054 Arm]
342 3999 399 4045 Jsm
410 3996 547 4058 aggreditur
556 4010 612 4045 enm
627 4008 685 4057 pur-
718 3998 766 4043 tur.

114 4065 171 4109 tem
183 4062 299 4119 resume,
318 4062 502 4123 inquldirrerst
514 4062 611 4109 Catone
627 4062 685 4109 Rei-
718 4088 723 4095 ι
753 4062 790 4108 19.
809 4057 929 4120 Integrum
946 4052 1087 4112 Consulem]
1115 4052 1279 4114 tnregervite

115 4124 591 4187 pubosmsblurnnomsccossrsroui
601 4124 687 4173 cicero
718 4124 816 4183 dieimr,
838 4123 880 4186 qui
896 4124 961 4171 num
981 4120 1036 4169 labe
1056 4120 1153 4169 sceleris
1176 4118 1279 4167 infectu
1389 4136 1399 4164 ι

116 4188 688 4307 οᾚιιᾱέἒῃῧῆωωμωφιωμωῑω
719 4193 764 4235 ee
849 4268 852 4272 ¹
