2825 4775
188 302 219 363 iv
520 296 567 363 Μ.
588 296 741 363 TULLII
761 294 992 363 CICERONIS

164 452 168 461 ·
187 434 236 497 lex
251 434 348 497 somer
356 430 415 493 suit
423 428 503 493 illius
513 430 645 493 incendii
656 430 762 506 civilia,
776 430 858 515 quod
866 428 932 513 post
940 428 1104 495 triennium
1119 441 1257 494 exortum
1267 430 1321 495 eli.

188 520 289 584 Gallia
298 518 450 603 provincia
463 518 564 582 Crasso
574 517 693 603 obtigit,
705 518 775 581 Asia
785 516 938 591 Scaevolae,
950 538 1041 601 quam
1054 515 1138 579 tanti
1150 516 1326 583 abstinentii

187 608 274 682 rexit,
297 621 330 667 ut
346 604 363 667 i
376 604 490 669 Senatu
505 605 535 668 in
550 605 732 689 Exemplum
746 605 887 689 deinceps
895 605 1010 668 cacteris
1024 603 1243 690 magistratibus
1256 628 1325 691 pro-

186 709 358 778 poneretur.
398 694 452 770 At,
463 693 534 777 quia
548 691 714 777 publicanis
727 713 830 777 regere
840 692 942 755 Asiam
953 714 1014 755 non
1024 691 1205 776 permiserat,
1219 714 1327 755 eorum

186 780 402 865 conspiratione
415 780 448 845 in
458 780 608 867 judicium
621 794 744 845 vocatus
758 780 813 858 esi,
823 784 854 845 81
866 780 904 845 ab
916 780 1079 866 equitibus,
1100 780 1153 864 qui
1166 795 1232 842 tum
1244 782 1327 867 judi·

187 868 307 945 cabant,
329 869 557 932 condemnatus.

436 1071 587 1136 ANNUS
609 1072 743 1138 URBIS
766 1070 979 1139 CONDITAE
1001 1081 1074 1139 659.

192 1182 257 1272 Off
272 1190 327 1251 aelio
350 1184 446 1259 Calda,
470 1186 509 1249 L.
530 1186 653 1251 Domitio
676 1183 847 1261 AEnolarbo,
874 1179 1089 1267 aruernstum
1117 1182 1169 1242 93.
1193 1178 1329 1243 Ciceronis

638 1297 759 1361 decimus
765 1298 874 1360 tenitas.

230 1414 300 1478 Hoc
310 1436 389 1478 anno
400 1415 474 1478 nihil
484 1415 676 1479 memorabile
685 1420 766 1501 apud
777 1418 935 1485 Romanoa
943 1418 1060 1507 gestum
1068 1417 1122 1481 est.
1150 1417 1235 1482 Huic
1244 1416 1327 1481 Con·

187 1501 243 1563 suli
254 1502 343 1565 Caldi
358 1501 409 1563 seu
424 1501 522 1564 Calidi
536 1523 706 1588 cognomen
721 1502 740 1566 a
753 1504 926 1585 ferventiori
940 1508 1041 1573 indole
1055 1506 1160 1570 datum
1175 1505 1272 1582 suiffe,
1285 1506 1327 1568 ait

186 1588 305 1664 Cicero,
327 1588 378 1651 lib.
402 1594 432 1651 9.
456 1590 494 1651 de
509 1588 695 1653 Inventione.

182 1840 186 1851 .
439 1760 592 1828 ANNUS
614 1764 746 1831 URBIS
770 1763 983 1830 CONDITAE
1004 1772 1078 1827 ceo.

192 1876 258 1966 ΕΜ
284 1879 318 1963 C.
344 1878 454 1941 Valerio
467 1879 575 1957 Flacco,
598 1880 652 1943 M.
676 1882 828 1959 Herennio,
849 1894 914 1943 ante
932 1880 1072 1967 Christum
1092 1886 1144 1946 92.
1191 1878 1331 1944 Ciceronis

626 1997 745 2059 decimus
758 2010 885 2081 quartus.

230 2109 292 2172 Hic
307 2108 355 2171 M.
378 2108 552 2174 Herennius
565 2111 740 2197 Philippum
766 2109 883 2174 summit
895 2111 994 2174 virum
1008 2106 1179 2195 eloquentii
1196 2110 1226 2172 u
1241 2108 1329 2171 nobi·
1404 2191 1405 2194 Ἴ

186 2196 270 2259 litate
281 2200 312 2259 in
335 2198 479 2281 petitione
503 2197 686 2261 Consulatus
714 2200 872 2283 superavit.
915 2198 955 2261 T.
978 2198 1090 2260 Didius
1104 2198 1142 2258 de
1157 2196 1328 2273 Celtiberia,

185 2284 221 2346 P.
238 2283 371 2347 Licinius
381 2286 498 2347 Crassus
509 2286 546 2345 de
561 2285 709 2347 Lufitanis
723 2286 926 2365 triumphavit.
955 2284 991 2345 P.
1003 2281 1138 2345 Rutilius
1147 2284 1193 2345 uir
1202 2282 1327 2348 summae

186 2370 378 2445 innocentiae,
401 2371 454 2454 qui
477 2368 495 2433 i
515 2370 743 2454 publicanorum
758 2368 869 2432 infidiia
892 2370 993 2434 Asiam
1011 2372 1195 2448 liberaverat,
1217 2370 1328 2435 invisus

187 2458 317 2544 equestri
332 2460 440 2536 ordini,
463 2459 698 2543 repetundarum
714 2460 874 2525 damnatus
887 2458 985 2535 est‚&
1002 2459 1172 2522 inexilium
1187 2459 1315 2546 ejetlua.
1403 2516 1404 2543 ,

435 2633 588 2699 ANNUS
608 2631 749 2708 ultum
765 2631 979 2697 CONDITAE
1000 2639 1073 2696 661.

629 2865 749 2928 decimus
758 2869 881 2950 quinum

230 2977 291 3043 Hie
302 2978 380 3042 Coss.
393 2977 568 3043 nobilisfima
579 2979 626 3042 Μ.
643 2979 739 3054 Curii,
757 2984 786 3044 u
797 2980 845 3042 Μ.
860 2981 989 3066 Coponii
1005 2982 1092 3046 causa
1100 2983 1180 3068 apud
1189 2997 1329 3046 centum-

186 3063 265 3216 plirpe
277 3065 420 3216 qdupbm
438 3067 649 3131 consularibus
658 3081 748 3152 atque
757 3067 921 3152 aequalibus
930 3069 967 3132 L.
979 3069 1127 3146 erato&
1138 3069 1181 3156 Q.
1193 3069 1331 3135 Scaevolri

207 3173 224 3214 e
240 3174 308 3216 ena
326 3175 343 3216 e
370 3199 379 3216 .

435 3329 588 3396 ANNUS
609 3329 742 3396 URBIS
765 3331 978 3398 CONDITAE
999 3340 1073 3397 669.

190 3443 256 3528 C⁰ff
271 3443 312 3507 L.
328 3444 443 3508 Manio
451 3447 532 3510 Phili
579 3491 590 3526 ,
605 3449 684 3512 Sexto
699 3449 783 3540 Julio
798 3452 912 3536 Caesttre,
924 3464 989 3514 ante
1003 3450 1143 3538 Chnstum
1154 3459 1206 3517 90.
1234 3453 1317 3518 Cice-

598 3568 673 3628 ronis
686 3565 916 3651 decimurseatus.

204 3751 216 3774 ι
229 3667 300 3770 Hoc
316 3693 395 3736 anno
405 3674 500 3738 aetatis
509 3677 726 3743 decimo-sexto
739 3680 848 3746 Cicero
857 3683 975 3747 exceffit
984 3682 1002 3747 ὲ
1011 3685 1149 3770 pueritia,
1158 3686 1189 3747 in
1200 3684 1260 3768 qui
1269 3691 1329 3752 mi-

187 3775 220 3818 ra
235 3759 327 3820 ammi
341 3760 482 3826 felicitate
494 3763 529 3826 iis
543 3765 683 3830 omnibus
697 3767 810 3831 artibus
820 3770 1046 3850 instruuusest,
1058 3773 1167 3858 quibua
1181 3775 1326 3856 perillam

185 3857 306 3906 aetatem
316 3847 402 3930 pueri
416 3849 453 3910 ad
467 3850 685 3918 humanitatem
700 3854 855 3920 informari
868 3857 975 3924 solent:
990 3860 1161 3924 incredibile
1176 3859 1218 3924 est
1231 3886 1327 3945 quan-

185 3943 252 4032 tum
268 3934 334 4018 ejus
349 3934 504 4021 ingenium
519 3939 655 4017 eluxerit,
670 3942 841 4028 quantique
855 3946 925 4009 effet
933 3948 1013 4032 apud
1022 3949 1151 4033 aequalea
1161 3950 1193 4011 in
1203 3973 1327 4014 venera-

186 4031 278 4080 none.
322 4019 404 4084 Nam
420 4047 490 4086 eum
505 4041 627 4097 euntem
643 4031 680 4090 ad
689 4031 808 4109 ludum,
833 4035 862 4096 δι
878 4035 1065 4112 redeuntem,
1086 4035 1207 4101 honoria
1221 4039 1326 4122 gratis,

185 4107 321 4206 medium
331 4109 529 4210 peducebant.
566 4113 937 4204 Delectabaturinprimis
945 4123 1036 4208 poesi
1068 4123 1247 4190 Plutarchus
1255 4123 1327 4188 scri-

183 4191 239 4271 brt,
253 4194 396 4262 Pontium
408 4198 561 4266 Glaucum
573 4207 753 4272 tetrametris
768 4208 972 4294 composuisse,
987 4225 1077 4296 atque
1089 4234 1158 4290 eum
1173 4212 1222 4278 sui
1237 4228 1324 4278 aerare

1312 2625 1316 2638 =

190 2743 258 2835 Coffi
275 2745 310 2812 C.
327 2745 443 2810 Claudio
456 2749 589 2826 Pulchro,
612 2749 665 2814 M.
681 2751 840 2834 Perpenno,
860 2762 927 2812 ante
941 2748 1082 2838 Chnstum
1098 2755 1151 2815 91.
1190 2713 1331 2814 Ciceronis
1402 2840 1403 2845 ἵ
