2825 4775
170 278 236 335 528
499 267 547 334 M.
568 268 720 335 TULLII
741 268 974 335 CICERONIS

172 413 189 467 l
256 402 358 469 XXII.
380 400 458 465 Haec
471 398 558 465 Plato
576 402 685 467 noster.
730 403 824 485 Apud
843 400 1076 487 Xenophontem
1090 412 1199 463 autern
1214 400 1312 465 mori-

213 514 267 556 enu
288 492 387 576 Cyruo
408 490 503 574 major
523 489 588 553 haec
613 490 699 552 dicit:
722 489 826 552 Nolite
848 488 994 563 arbitrarI,
1023 484 1044 549 ὃ
1067 486 1141 549 mibi
1171 486 1311 552 cariffimi

212 578 279 653 lilii,
302 599 364 655 me,
378 582 448 639 cum
463 577 576 640 ‘avobio
594 576 759 655 discessero,
774 576 931 659 nusquam,
957 589 1009 639 aut
1022 575 1141 638 nullum
1152 574 1235 649 soret
1252 598 1312 639 nec

211 666 305 741 enim,
331 664 404 727 dum
420 685 503 728 eram
519 663 684 739 vobiscum,
710 666 846 727 anImum
867 684 970 727 meum
986 660 1146 737 videberis,
1169 659 1220 723 sed
1239 684 1313 725 eum

172 760 192 818 5
214 752 271 815 elle
296 752 328 813 ln
346 750 405 815 hoc
423 772 558 834 corpore,
580 773 619 813 ex
643 752 680 813 iis
704 752 804 829 rebus,
828 772 901 834 quas
912 750 1064 835 gerebam,
1086 748 1313 835 intelligebatis:

213 839 345 903 eundem
361 840 453 923 igitur
463 839 520 901 effe
531 840 686 914 creditore,
701 840 792 901 etiam
804 838 824 901 [ι
835 839 952 900 nullum
960 836 1108 900 videbitis.
1153 835 1223 899 Nec
1238 836 1313 899 verb

212 928 362 989 clarorum
384 926 518 989 virorum
542 924 758 1008 postmortem
783 926 912 989 honores
936 936 1159 1009 permanerent,
1188 923 1209 984 si
1235 924 1311 985 nihil

213 1034 319 1077 eorum
338 1011 470 1096 ipsorum
485 1011 578 1075 animi
593 1012 755 1091 efficerent,
781 1017 843 1096 qud
863 1012 974 1075 diutius
993 1011 1172 1075 memoriam
1184 1009 1229 1073 sui
1243 1026 1311 1073 tue-

213 1116 327 1165 rentur.
370 1100 452 1163 Mihi
468 1101 593 1183 quidem
607 1094 764 1183 uunquam
778 1098 946 1185 persuaderi
960 1098 1069 1183 potuit,
1091 1097 1217 1175 animos,
1238 1098 1313 1159 ddm

174 1189 250 1253 lo'm
264 1187 438 1271 corporibus
445 1188 537 1250 essent
551 1187 736 1263 mortalibus,
747 1188 860 1264 vivere;
875 1190 944 1251 clun
956 1186 1088 1249 exiiffent
1108 1206 1145 1247 ex
1166 1184 1211 1261 iis,
1224 1206 1312 1247 emo-

213 1277 254 1339 ri:
271 1295 328 1337 nec
341 1280 413 1337 vert
427 1280 493 1337 turn
507 1275 643 1337 animum
657 1276 714 1339 effe
730 1274 930 1359 inspientem,
949 1279 1018 1337 clun
1033 1296 1070 1335 ex
1081 1270 1229 1356 insipienti
1242 1292 1310 1335 cor·

213 1384 287 1447 pore
313 1362 455 1436 evafisset3
485 1360 536 1423 sed
549 1366 619 1423 edm
633 1364 717 1424 omni
728 1360 911 1425 admixtione
926 1362 1057 1445 corporis
1072 1360 1227 1434 liberatus,
1255 1382 1310 1444 pu-

123 1502 128 1511 .
213 1472 276 1525 rus,
294 1453 322 1513 δι
340 1448 455 1532 integer
468 1448 526 1511 elle
547 1448 692 1532 coepisset,
714 1453 778 1512 tinn
800 1450 856 1513 effe
870 1446 1043 1532 sapientem.
1089 1449 1193 1529 Atque
1208 1446 1315 1524 etiam,

214 1540 284 1599 clim
297 1536 429 1599 homiuio
442 1550 548 1599 natura
561 1550 658 1599 morte
673 1536 846 1613 dissolvitur,
868 1550 1044 1601 caeterarum
1064 1555 1177 1609 rerum,
1198 1534 1315 1619 perspi-

175 1622 596 1705 15cuumeibqubquaeque
611 1623 775 1687 discedant:
796 1624 907 1687 abeunt
922 1624 1003 1686 enim
1014 1622 1085 1685 illuc
1096 1620 1209 1696 omnia,
1232 1624 1316 1685 unde

214 1726 279 1775 orta
293 1710 377 1787 sunt,
397 1712 516 1773 animun
530 1725 631 1774 autem
640 1710 730 1787 solus,
750 1732 806 1775 nec
818 1715 886 1774 clim
901 1709 994 1787 adest,
1016 1730 1073 1773 neo
1087 1730 1159 1773 cum
1173 1706 1313 1785 discedit,

214 1812 347 1883 apparet.
391 1798 460 1861 lam
474 1795 546 1859 verb
568 1797 685 1873 videtis,
714 1798 789 1861 nihil
814 1798 871 1862 else
894 1798 984 1859 morti
1012 1804 1074 1859 tem
1094 1795 1199 1872 simile,
1219 1801 1313 1879 quem

214 1884 366 1947 somnum:
413 1900 503 1967 atque
523 1884 736 1947 dormientium
763 1884 855 1949 animi
888 1885 1016 1948 maxime
1039 1884 1190 1949 declarant
1205 1882 1315 1947 diviui-

213 1986 307 2033 tatem
332 1970 428 2031 suam:
460 1972 556 2033 multa
580 1971 673 2047 enim,
704 1976 774 2034 clun
799 1972 907 2035 remiffi
932 1976 961 2037 δι
988 1970 1072 2035 liberi
1097 1970 1177 2046 sunt,
1208 1969 1314 2033 sunm

172 2057 414 2143 20prospiciunt:
429 2078 466 2120 ex
481 2079 542 2140 quo
553 2057 739 2142 intelligitur,
751 2061 855 2141 quales
877 2058 973 2123 suturi
992 2058 1058 2135 siut,
1073 2064 1142 2121 clim
1166 2057 1195 2119 se
1217 2056 1307 2141 plane

215 2145 347 2229 corporis
360 2144 488 2227 vinculis
500 2146 705 2208 relaxaverint.
750 2146 866 2233 Quare,
881 2147 901 2209 st
916 2146 980 2211 haec
995 2142 1176 2220 itasunt,s1c
1190 2165 1237 2207 me
1255 2165 1310 2207 co-

214 2232 299 2296 litote
315 2247 350 2295 ut
363 2232 470 2307 deum;
493 2232 536 2293 sm
546 2238 606 2295 und
621 2231 663 2296 est
678 2233 852 2297 interiturus
872 2235 990 2297 animus
1005 2254 1076 2297 cum
1095 2254 1234 2317 corpore,
1255 2253 1315 2295 roe

166 2353 170 2361 ·
214 2334 316 2383 temen
331 2320 402 2383 deos
416 2334 563 2398 verentes,
579 2320 630 2402 qui
645 2320 722 2383 hanc
738 2342 860 2385 omnem
871 2320 1127 2408 pulchritudinem
1142 2334 1270 2383 tuentur
1283 2324 1315 2385 δι
1392 2318 1393 2350 l

213 2424 334 2493 regunt,
348 2407 625 2472 memoriamnostri
646 2405 695 2492 pie
707 2409 905 2492 inviolateque
921 2408 1080 2472 servabitis.

176 2503 191 2558 1
258 2495 377 2560 XXIII.
399 2496 496 2580 Cyrus
516 2495 639 2577 quidem
667 2495 732 2558 haec
752 2497 892 2560 moriens.
936 2495 1185 2580 Noe,s1placet,
1213 2497 1317 2561 nostra

215 2583 380 2646 videamus.
421 2581 524 2645 Nemo
540 2588 673 2665 unquim
687 2583 773 2659 milti,
788 2583 901 2668 Scipio,
919 2583 1116 2668 persuadebit,
1130 2597 1182 2646 aut
1193 2599 1318 2668 putrem

214 2684 303 2734 tuum
317 2669 457 2745 Paulum,
486 2684 538 2732 aut
552 2670 628 2731 duos
643 2693 724 2748 avos,
743 2671 873 2734 Paulum
897 2675 926 2734 8<
942 2671 1132 2748 Africanum,
1158 2687 1214 2733 aut
1229 2673 1320 2735 Afri-

215 2758 281 2820 cani
303 2771 429 2840 patrem,
460 2771 512 2820 aut
534 2771 685 2840 patruum,
716 2772 768 2821 aut
793 2759 904 2822 multoe
925 2757 1095 2844 prestantes
1120 2758 1213 2834 vlros,
1237 2781 1318 2842 quos

172 2851 193 2908 5
215 2864 389 2908 enumerare
413 2865 475 2905 non
498 2843 542 2907 est
567 2845 692 2920 necesse,
720 2859 803 2908 tanta
822 2845 878 2908 effe
900 2860 1034 2922 conatos,
1048 2846 1167 2930 quaead
1183 2845 1317 2928 posteri·

214 2932 283 2995 totis
304 2931 481 2992 memoriam
504 2931 701 3014 pertinerent,
727 2931 780 2994 nisr
796 2931 896 2996 animo
916 2947 1082 3010 cernerent,
1105 2931 1317 3016 posteritatem

214 3017 296 3081 adse
317 3017 474 3102 pertinere.
520 3019 573 3080 An
598 3017 710 3095 censes,
731 3034 765 3083 ut
779 3021 818 3082 de
832 3041 881 3083 me
897 3018 959 3104 ipso
974 3021 1087 3103 aliquid
1102 3040 1186 3082 more
1204 3017 1317 3083 senum

213 3106 333 3192 glorier,
344 3118 505 3170 metantos
519 3105 634 3169 labores
644 3105 767 3169 diurnos
787 3105 1020 3190 nostumosque,
1035 3107 1118 3170 domi
1133 3105 1318 3192 militiaeque

213 3193 421 3278 suscepturum
445 3191 704 3268 suisse,s1iisdem
728 3191 838 3258 finibus
852 3193 977 3280 gloriam
992 3215 1102 3270 meam,
1131 3193 1247 3277 quibus
1271 3197 1318 3258 vi·

175 3287 292 3357 lutam,
321 3281 410 3343 essem
432 3278 662 3344 terminaturus?
687 3302 789 3344 nonne
812 3281 919 3344 melius
939 3282 1036 3345 multd
1061 3280 1160 3344 fuisset
1183 3281 1316 3346 otiosam

213 3381 333 3432 aetatem
356 3373 386 3431 δι
417 3367 550 3451 quietam
570 3368 630 3431 stne
656 3369 719 3431 ullo
738 3369 838 3432 labore
861 3373 890 3432 ἃ
916 3368 1107 3432 contentione
1130 3369 1316 3434 traducere?

213 3454 264 3516 sed
283 3455 383 3517 nescio
396 3451 551 3538 quomodb
571 3455 690 3518 animus
711 3457 827 3542 erigens
847 3455 876 3518 se
891 3454 1094 3540 posteritatem
1127 3453 1249 3540 semper
1275 3459 1318 3520 ita

213 3540 419 3623 prospiciebat,
441 3541 533 3626 quas,
548 3545 617 3604 edm
632 3541 790 3606 excellisset
809 3541 909 3620 civiti,
925 3559 991 3606 tum
1015 3543 1146 3626 denique
1171 3543 1317 3608 visiurus

213 3627 295 3688 esset:
314 3631 396 3708 quod
407 3631 530 3712 quidem
545 3629 577 3690 ni
591 3630 632 3692 ita
651 3628 680 3692 se
691 3629 824 3707 haberet,
845 3646 879 3693 ut
893 3631 986 3693 animi
1001 3631 1185 3694 immortales
1207 3631 1317 3708 essent,
1390 3647 1391 3685 ἐ

174 3713 297 3778 l5haud
315 3715 421 3796 optimi
435 3715 580 3801 cujusque
599 3718 719 3779 animus
733 3714 863 3781 ιιιιιιίιιιὲ
882 3719 920 3780 ad
935 3716 1164 3780 immortalitatis
1181 3720 1316 3804 gloriam

212 3801 367 3864 niteretur.
411 3802 508 3902 Quid,
534 3805 616 3886 quod
639 3803 864 3888 sapientissimus
888 3804 1013 3890 quisque
1027 3804 1193 3889 aequissimo
1208 3807 1319 3870 animo

212 3891 351 3965 moritur,
362 3887 545 3952 stultissimus
562 3891 760 3976 iniquillimo?
778 3893 890 3956 Nonne
900 3892 983 3956 vobis
997 3893 1115 3956 ridetur
1130 3892 1252 3955 animus
1277 3895 1316 3969 is,

212 3977 267 4061 qui
281 3978 353 4062 pluo
364 3991 465 4040 cernat
478 3981 507 4040 ἃ
524 3979 651 4064 longius,
670 3981 770 4043 videre
784 3978 814 4043 se
829 3979 867 4043 ad
878 3979 1000 4044 meliora
1011 3979 1171 4064 proficisci:
1196 3980 1244 4042 ille
1256 4003 1317 4042 au-

167 4093 173 4102 <
212 4079 289 4141 tem,
314 4064 364 4128 oui
383 4063 514 4127 obtusror
535 4065 569 4126 stt
590 4067 679 4143 acies,
702 4089 764 4131 non
778 4065 898 4131 videre?
925 4067 1074 4152 Equidem
1091 4067 1201 4130 efferor
1213 4065 1317 4130 studio

169 4159 315 4235 topatres
324 4152 447 4228 vestros,
469 4173 545 4236 quos
556 4153 635 4215 colui
649 4159 678 4217 &
688 4155 790 4231 dilexi,
807 4153 944 4231 videndi;
967 4176 1065 4238 neque
1083 4158 1155 4217 verb
1165 4175 1218 4218 eos
1233 4153 1319 4218 solos

212 4241 370 4302 conuenire
380 4262 463 4317 aveo,
475 4261 551 4323 quon
565 4237 626 4323 ipse
637 4242 778 4324 cognovi,
803 4239 854 4304 sed
873 4240 940 4304 illos
951 4243 1051 4318 etiam,
1077 4241 1241 4325 dequibus
1258 4264 1317 4304 au·
1389 4291 1390 4314 ι

212 4325 283 4403 divi,
304 4327 416 4413 delegi,
434 4327 538 4414 &ipse
552 4326 717 4414 conscripsi.
763 4327 839 4415 Qud
858 4329 983 4415 quidem
1001 4351 1051 4394 me
1068 4327 1317 4415 proficiscentem
1389 4329 1390 4348 ¹
