2825 4775
362 189 428 256 ott
437 187 546 274 nuto
567 169 659 258 tao
680 185 731 254 Μ.
752 183 926 297 como.
1201 202 1264 273 aee

112 326 223 403 ducam
247 320 434 400 brestibue3
456 341 556 406 neque
584 319 678 406 hujus
704 318 996 406 judiciiveritatem,
1025 343 1095 406 quae
1112 327 1225 390 mutari

111 414 195 476 nullo
211 411 307 475 modo
320 409 430 498 potest,
441 410 472 471 in
483 411 638 474 voluntate
650 405 776 477 testium
788 410 930 473 collocari
950 407 1059 487 finam,
1090 434 1161 496 quae
1176 413 1267 492 fa-55

112 501 224 567 ciltime
244 500 360 585 effingi,
385 499 471 561 nullo
485 497 610 584 negotio
625 495 721 575 fletui,
735 517 770 561 ac
797 496 973 583 detorqueri
992 499 1113 584 potest,
1136 522 1226 590 argu·
1245 512 1263 536 ”

105 589 225 656 ruentia
245 608 390 675 agemus,
413 585 502 672 lignis
513 587 599 649 omni
613 586 682 649 luce
697 584 876 650 clarioribus
889 586 1018 648 crimina
1028 588 1226 672 refellemus5

112 697 161 744 ret
176 697 247 740 curn
259 697 303 754 re,
326 673 495 740 causacum
510 670 612 752 causi,
634 671 712 738 ratio
721 693 795 736 cum
808 674 925 736 ratione
936 674 1094 760 pugnabit.
1217 673 1221 682 '

156 763 198 826 V.
219 763 327 848 Itaque
349 763 434 834 illam
459 759 577 848 partem
591 759 691 826 causae
704 757 795 828 sacili
815 761 914 845 patior
926 762 1057 849 grauiter
1076 765 1228 832 &ornate

112 851 200 914 ΞΜ.
215 851 320 918 Crasso
336 864 520 938 peroratam,
535 851 574 913 de
600 848 799 914 seditionibus
823 848 1046 932 Neapolitanis,
1068 851 1107 914 de
1132 857 1228 919 Ale„

112 940 310 1016 andrinorum
326 959 341 990 a
357 939 526 1028 pulsatione
539 937 720 1012 Puteolani,
742 936 781 998 de
796 933 884 1000 bouis
898 935 991 1002 Pallae
1006 962 1017 1014 ς
1035 940 1144 1002 vellem
1163 943 1231 1010 dic.
1260 953 1265 964 ·

114 1029 264 1097 tumesset
278 1026 437 1092 abeodem
452 1027 545 1089 etiam
560 1025 598 1087 de
611 1023 737 1090 Dione:
758 1023 797 1087 de
813 1045 876 1107 quo
889 1021 953 1107 ipso
970 1039 1074 1088 tamen
1089 1029 1229 1113 quidest,

112 1117 196 1202 quod
207 1116 389 1201 expectetis,
411 1116 494 1201 quod
506 1114 532 1176 ia
546 1112 601 1196 qui
611 1109 697 1189 fecit,
712 1125 844 1174 autnon
854 1110 954 1192 timet,
968 1127 1022 1176 aut
1036 1113 1128 1179 etiam
1152 1115 1231 1181 fate·
1252 1128 1274 1184 5

111 1203 189 1268 tur?
211 1203 336 1269 Etenim
347 1224 429 1280 reus,
441 1203 495 1288 qui
510 1200 613 1264 didius
627 1199 672 1263 est
689 1201 720 1263 ἃ
733 1198 854 1286 adjutor
873 1197 1006 1264 fuisse&
1023 1202 1173 1290 conscius,
1193 1205 1230 1269 P.

113 1291 261 1372 Ascitius,
272 1293 298 1355 ie
310 1289 428 1379 judicio
443 1289 486 1353 est
501 1287 655 1352 liberatus.
702 1288 799 1374 Quod
816 1285 910 1375 igitur
918 1287 962 1352 est
981 1287 1158 1376 hujusmodi
1171 1295 1231 1357 cri.

109 1402 194 1458 men,
210 1395 257 1458 ut,
268 1379 324 1466 qui
337 1378 499 1456 commisit,
509 1398 571 1442 non
580 1389 691 1464 neget:
714 1376 841 1462 quinon
854 1376 987 1462 negarit,
1009 1377 1164 1444 absolutue
1178 1381 1232 1447 stt:
1255 1397 1259 1403 '

112 1467 145 1532 id
153 1468 204 1532 hic
219 1464 423 1554 pertimescat,
472 1467 504 1529 ui
525 1485 588 1529 non
611 1463 740 1529 modbd
759 1461 856 1542 fatto,
877 1461 986 1528 verum
1011 1465 1136 1530 etiami
1157 1491 1233 1548 con-

111 1555 248 1628 scientiae
259 1553 427 1640 suspicione
440 1489 563 1617 aibsuiti
588 1555 631 1630 &,
647 1550 797 1615 liAscitio
811 1550 900 1617 causa
917 1552 987 1636 plus
997 1553 1124 1640 profuit,
1136 1557 1276 1640 quimlo

111 1644 224 1708 nocuit
254 1642 377 1718 invidia,
399 1639 471 1704 huic
496 1641 594 1704 oberit
620 1656 709 1704 tuum
734 1640 947 1717 maledillum,
970 1640 1024 1725 qui
1044 1642 1131 1707 istiue
1155 1645 1233 1721 fafhi

113 1753 181 1794 non
218 1730 312 1792 modb
344 1727 523 1816 suspicione,
545 1728 597 1794 sed
632 1750 673 1791 ne
702 1727 829 1792 iufamia
850 1728 977 1814 quidem
1002 1727 1046 1792 est
1072 1735 1089 1781 b
1112 1732 1235 1819 adsper-

114 1817 193 1883 sus?
218 1817 264 1880 At
275 1817 520 1901 praevaricatione
539 1816 583 1880 est
604 1814 740 1880 Ascitius
756 1816 911 1886 liberatus.
954 1815 1104 1882 Perfacile
1126 1821 1170 1885 est
1184 1822 1234 1887 isti

114 1907 185 1975 loco
210 1902 404 1990 respondere,
427 1905 503 1970 mriti
528 1904 705 1990 praesertim,
729 1903 748 1968 b
770 1927 833 1989 quo
847 1905 899 1968 illa
924 1905 1013 1969 causa
1026 1905 1152 1973 defensa
1176 1909 1232 1993 est,

115 1993 169 2062 sed
179 1993 299 2058 Coeliuu
322 1994 472 2078 optimam
499 1991 620 2056 causam
646 1992 756 2056 Ascitii
770 1993 828 2056 esse
851 1993 1035 2069 arbitratur:
1057 1998 1276 2083 cujusmodi15

117 2099 220 2146 autem
235 2080 282 2158 lit,
305 2087 322 2144 ὲ
345 2081 396 2146 sui
407 2095 495 2167 putat
506 2081 563 2145 else
578 2079 770 2168 sejunctam:
792 2103 894 2168 neque
915 2082 1012 2145 solum
1027 2081 1159 2164 Coelius,
1181 2087 1234 2165 sed

117 2166 426 2234 etiamadolescentes
436 2167 640 2234 humanissimi
653 2172 683 2232 u
697 2168 872 2247 dudlillimi,
886 2169 1057 2236 rettiffimis
1071 2171 1177 2239 siudiie
1187 2189 1234 2240 at.

118 2281 180 2342 que
203 2255 328 2344 optimis
349 2257 466 2324 artibus
492 2257 622 2344 praediti,
643 2256 736 2321 Titue
762 2255 914 2342 Caiusque
929 2257 1082 2344 Coponii:
1140 2262 1173 2328 ui
1194 2287 1233 2332 ex
1263 2268 1267 2278 '

120 2343 262 2411 omnibus
287 2345 420 2409 maximi
435 2345 549 2413 Dionia
569 2357 702 2411 mortem
712 2345 897 2412 doluerunt:
919 2349 974 2432 qui
988 2354 1059 2411 cbm
1084 2350 1125 2413 do
1176 2351 1184 2366 ’
1207 2373 1234 2417 ae

118 2434 219 2499 studio
233 2449 324 2521 atque
338 2432 547 2512 humanitatis,
568 2448 636 2499 tum
652 2434 746 2497 etiam
769 2433 901 2520 hospitio
928 2436 1066 2499 Dionisc
1085 2439 1278 2508 muchan-20

119 2538 191 2602 tur;
222 2520 376 2587 habitabat
401 2523 427 2587 ie
450 2524 532 2609 apud
557 2522 595 2586 1..
625 2521 807 2599 Lucceium,
833 2533 875 2584 ut
903 2522 1047 2586 audistis:
1079 2522 1181 2590 fuerat
1205 2528 1235 2596 ei

120 2610 261 2699 cognitus
276 2611 493 2689 Alexandria,
515 2612 590 2697 quid
611 2624 664 2672 aut
677 2608 741 2686 hic,
762 2624 817 2672 aut
837 2608 957 2674 summo
979 2608 1137 2694 splendore
1157 2637 1236 2701 prae.

120 2702 202 2764 ditus
217 2698 311 2763 frater
325 2700 404 2785 ejuu,
418 2701 457 2762 de
476 2700 525 2763 M.
549 2698 651 2763 Coelio
670 2696 833 2776 existimet,
855 2720 894 2761 ex
917 2698 996 2785 ipse,
1011 2698 1189 2789 siproduiii
1202 2728 1236 2771 e·
1279 2694 1289 2717 ⁸

120 2789 354 2865 tunt,audietie.
400 2786 483 2875 Ergo
492 2786 560 2853 baec
574 2802 799 2865 removeantur,
822 2786 1046 2872 utaliquando,
1068 2789 1236 2877 inquibus

121 2877 210 2943 causa
221 2877 339 2953 nititur,
361 2874 399 2941 ad
415 2898 451 2941 ea
464 2877 632 2941 veniamus.
677 2875 892 2939 Animadverti
905 2877 1001 2956 enim,
1023 2876 1159 2960 iudicet,
1180 2893 1278 2951 atu-25

121 2965 180 3027 diri
191 2972 208 3027 a
221 2964 307 3029 vobis
318 2986 423 3030 meum
444 2964 626 3033 familiarem
640 2962 678 3026 L.
694 2962 890 3028 Herennium
904 2973 1093 3055 peratteutl3
1115 2969 1149 3033 in
1170 2993 1236 3055 quo

120 3053 174 3119 etli
184 3060 296 3139 magni
310 3075 347 3117 ex
363 3068 447 3139 parte
458 3054 582 3139 ingenio
596 3054 675 3140 ejus,
687 3054 717 3116 &
729 3052 852 3120 dicendi
865 3075 977 3142 genere
997 3056 1133 3139 quodam
1149 3073 1237 3125 tene-
1266 3098 1271 3111 ·

119 3140 248 3223 bamini,
269 3154 374 3205 tamen
388 3162 611 3231 nonnunquam
625 3139 754 3208 verebar
771 3162 812 3209 ue
834 3142 888 3208 illa
908 3141 1057 3207 subtiliter
1078 3145 1117 3208 ad
1134 3146 1237 3211 crimi-

314 3336 331 3371 ⁸
346 3318 424 3385 cede.
558 3320 710 3384 bimatus.
843 3316 1091 3384 cddeoabamur.

153 3498 179 3547 2.
187 3494 229 3547 ue
236 3496 385 3546 seditionibus
395 3494 575 3561 rumpotinum
587 3499 685 3546 Exortte
718 3496 790 3545 Unde
799 3496 899 3545 Crimen
908 3496 1003 3545 illudio
1014 3496 1114 3547 cauum
1125 3500 1282 3573 derivando„

117 3562 233 3627 quedem
242 3562 337 3610 fuerant
359 3562 461 3626 Neapoli
478 3562 613 3621 editiones,
632 3562 686 3627 qui·
718 3566 822 3609 umet.
1292 3610 1301 3625 „

120 3626 167 3675 bru
186 3625 244 3675 edm
260 3640 292 3676 ue
312 3628 409 3689 quidem
428 3627 574 3675 interfuisset
590 3628 685 3687 entius,
754 3629 792 3674 11.
808 3624 875 3675 Huic
892 3624 985 3687 oberit]
1002 3628 1076 3677 Collo
1092 3645 1141 3680 uon
1155 3634 1282 3685 debetob.

118 3697 207 3741 tamen
222 3692 290 3755 qumi
304 3706 389 3741 earum
402 3697 509 3741 auctore
520 3693 603 3741 Clodio
612 3706 687 3743 rccu-
718 3704 771 3739 ene
788 3690 910 3739 interfecti
929 3694 1014 3742 Diouis
1031 3694 1134 3756 crimen,
1148 3713 1206 3750 eum
1220 3701 1282 3763 mim

115 3764 242 3809 mutuat.
716 3757 869 3807 amorium
879 3757 958 3819 ipmm
968 3774 1015 3813 non
1023 3768 1103 3822 neget.

156 3820 194 3873 lb.
211 3819 392 3886 Neapolitanam]
408 3823 522 3885 Neapolis
533 3822 609 3872 ltalia
628 3824 688 3873 ciri-
755 3824 793 3869 1³.
833 3820 1049 3885 meneutam]
1081 3828 1282 3878 Prtevaricntione

119 3892 160 3935 tue
180 3886 336 3947 nobilissima,
361 3902 415 3951 quae
441 3888 594 3950 Parthenope
621 3888 689 3938 dicta
719 3884 1215 4014 utituphpuiproditlcamtmtdivemm
1225 3910 1282 3956 par.

120 3958 168 3999 est.
720 3958 773 3999 tem
823 3960 888 4001 uvat.

156 4021 182 4067 a.
205 4014 245 4067 De
264 4016 330 4066 tono
346 4014 442 4077 Palla]
459 4018 688 4083 Haeenmempu
754 4020 795 4065 te.
812 4017 838 4066 si
850 4019 959 4081 proma
974 4018 1063 4079 emm]
1096 4020 1185 4079 luent,
1206 4022 1228 4069 si
1252 4024 1284 4081 qt

120 4080 384 4132 aeetiodicebmtur.
720 4082 886 4133 tetimonium
895 4083 1024 4133 dicendum
1038 4084 1147 4133 advocati
1165 4086 1215 4135 rint
1230 4101 1283 4137 om·

157 4148 183 4197 d.
204 4144 356 4207 neuim]
390 4147 446 4199 rure
467 4148 506 4197 hio
522 4148 570 4198 Dio
580 4150 689 4199 Alexan·
721 4162 764 4195 nee
784 4148 819 4199 illi
832 4148 873 4211 qui
885 4148 969 4197 Dionis
986 4158 1056 4199 erant
1066 4148 1147 4207 amici,
1159 4150 1222 4200 benc
1233 4151 1283 4214 eju·

116 4210 249 4261 diluomm
267 4216 453 4275 legatumquem
463 4214 524 4263 Pub.
537 4214 689 4265 Aecithuin·
721 4212 829 4263 erimiuie
853 4212 1013 4279 mapiciouem
1038 4212 1146 4263 rcauo
1174 4230 1283 4271 nemon.

119 4277 235 4327 terteeitz
256 4277 298 4343 qut
314 4278 494 4344 tameumdioio
506 4278 628 4331 obuolutut
642 4284 688 4331 eat.
720 4278 790 4332 bunt
