2825 4775
180 271 243 331 ere
413 211 416 217 ¹
512 262 561 327 M.
582 262 736 327 mmm
756 260 990 327 acaronis

222 403 297 477 lum,
318 414 355 463 ut
377 406 448 463 ante
472 398 546 474 dixi,
570 396 622 461 sed
636 399 729 462 etiam
743 398 872 473 cultura,
904 400 934 463 δι
961 392 1023 481 ipsa
1047 407 1153 459 natura
1178 396 1342 462 delenitam

180 488 478 553 35adminiculorum
501 486 634 562 ordines,
648 486 784 570 capitum
799 485 928 571 jugatio,
947 483 1083 569 religatio
1102 486 1345 572 &propagatio

190 623 194 637 .
221 576 344 650 vitium3
370 574 649 655 sarmentorumque
675 594 722 651 ea,
759 589 852 656 quam
888 572 961 648 dixi,
990 570 1116 635 aliorum
1145 576 1345 657 amputatio,
1378 654 1379 657 Ἴ

221 663 349 725 aliorum
366 661 515 724 immislio.
586 661 640 723 uid
653 682 712 746 ego
727 660 923 746 irrigationes,
942 660 1017 743 quid
1031 658 1173 723 foslionee
1187 663 1272 745 agri,
1287 684 1344 724 re-

223 749 496 833 pastinationeaque
575 768 669 825 man,
678 745 939 832 quibusfitmelto
948 760 1027 810 terra
1036 746 1229 811 foecundior?
1244 750 1342 835 Quid
1378 746 1379 829 l

221 838 261 899 de
275 837 404 901 utilitate
421 839 528 920 loquar
548 834 748 900 stercorandi?
778 835 842 897 dixi
856 835 888 897 in
901 854 939 897 eo
953 834 1042 911 libro,
1070 854 1162 919 quem
1184 837 1224 899 de
1240 836 1343 901 rebus
1378 830 1379 889 l

180 924 344 988 lOrusticis
357 924 471 1008 scripsi,
481 925 519 989 de
534 946 594 1007 qua
604 922 716 986 doctus
735 922 887 986 Heliodue
906 943 945 985 ne
958 921 1085 985 verbnm
1101 922 1229 1007 quidem
1245 924 1340 999 fecit,

221 1032 294 1075 cum
308 1012 346 1075 de
365 1009 484 1076 culum
492 1013 555 1096 agri
569 1011 719 1075 scriberet.
763 1011 808 1073 At
821 1010 988 1086 Homerus,
1001 1011 1056 1094 ¹qui
1070 1010 1189 1086 multia,
1200 1024 1237 1073 ut
1256 1012 1339 1076 milri

219 1101 350 1177 videtur,
367 1114 437 1163 ante
451 1099 568 1163 saeculis
593 1098 663 1175 luit,
674 1097 819 1161 Laertem
833 1094 999 1161 lenientem
1021 1098 1215 1175 desiderium,
1247 1102 1338 1183 quod

219 1185 394 1271 capiebate
424 1186 499 1263 filio,
520 1189 671 1249 colentem
694 1206 813 1272 agrum,
841 1188 871 1249 ἃ
904 1204 976 1248 eum
1001 1183 1217 1249 stercorantem
1247 1186 1334 1250 facit.

220 1274 289 1340 Nec
313 1295 385 1337 vero
406 1274 556 1361 segetibue
577 1273 684 1349 solum,
724 1272 826 1357 pratis,
863 1275 902 1336 &¹
923 1272 1029 1350 vineit,
1069 1277 1099 1337 ἃ
1126 1272 1265 1337 arbustis
1286 1296 1335 1338 res

179 1362 341 1427 45ruslicae
361 1365 438 1426 letae
455 1362 536 1438 sunt,
560 1361 611 1423 sed
633 1361 726 1425 etiam
743 1360 838 1423 hortis
859 1364 889 1423 St
908 1360 1065 1445 pomariis,
1091 1374 1157 1423 tum
1173 1363 1334 1445 pecodum

221 1450 319 1533 pastu,
344 1450 447 1534 apium
459 1448 657 1525 examinibus,
679 1446 788 1510 florum
802 1447 942 1509 omnium
963 1448 1114 1511 varietate.
1158 1448 1233 1511 Nec
1263 1470 1335 1512 corr·

222 1538 340 1601 sitiones
359 1538 452 1600 mode
472 1535 636 1614 delectant,
659 1535 712 1599 sed
731 1535 821 1599 etiam
841 1536 1007 1599 insitiones:
1032 1534 1142 1621 quibus
1156 1532 1238 1600 nibil
1250 1538 1335 1602 inve-

220 1624 266 1690 nit
281 1622 462 1709 agricultor&
471 1624 617 1687 solertius.

181 1720 195 1778 l
233 1760 236 1765 -
263 1710 327 1775 XV
328 1713 352 1775 1.
371 1712 494 1775 Possum
513 1710 651 1795 persequi
667 1710 764 1773 multa
780 1708 1002 1774 obleetamenta
1020 1730 1120 1774 rerum
1131 1710 1334 1777 rusticarum:

220 1798 271 1863 sed
292 1822 327 1863 ea
346 1800 419 1885 ipsa,
439 1821 507 1883 quae
525 1799 599 1876 dixi,
616 1796 704 1861 fuisse
727 1797 821 1861 sentio
840 1798 985 1884 longiora.
1028 1797 1196 1884 Ignoscetis
1210 1814 1332 1864 autem:

191 1939 196 1949 .
220 1908 291 1949 nam
311 1893 341 1952 ἃ
360 1887 459 1951 studio
477 1908 579 1950 rerum
597 1886 777 1949 rusticarum
798 1886 960 1969 provestua
974 1885 1052 1962 sum,
1072 1890 1102 1950 ἃ
1121 1885 1272 1951 senectus
1291 1888 1333 1951 cll

220 1982 326 2037 naturd
356 1974 525 2057 loquacior;
557 1996 598 2037 ne
616 1973 654 2035 ab
677 1972 821 2037 omnibus
843 1994 909 2037 eam
941 1974 1022 2036 vitiis
1040 1974 1141 2036 videar
1161 1976 1332 2039 vindicare.

179 2068 198 2125 5
221 2061 302 2147 Ergo
318 2062 350 2123 in
364 2061 419 2125 hnc
432 2061 494 2125 citt
511 2061 559 2124 M.
574 2060 698 2137 Curius,
721 2078 793 2123 cum
811 2061 849 2124 de
862 2059 1060 2138 Samnitibus,
1083 2061 1121 2125 de
1134 2060 1276 2140 Sabinis,
1298 2066 1333 2127 dr

219 2148 335 2235 Pyrrho
349 2148 568 2232 triumphasset,
590 2147 772 2235 consumpsit
787 2162 956 2213 extremum
967 2162 1088 2233 tempus
1103 2150 1217 2227 aetatie;
1243 2152 1332 2237 cnjus

220 2238 345 2320 quidem
367 2239 469 2299 villam
496 2258 553 2322 ego
581 2238 800 2321 contemplans,
826 2235 908 2299 abest
922 2236 1005 2299 enim
1023 2254 1086 2299 non
1111 2237 1203 2323 longe
1230 2236 1332 2315 ime,

219 2325 359 2388 admirari
376 2324 445 2389 satia
464 2345 527 2388 non
546 2324 663 2409 possum
682 2324 731 2385 vel
755 2323 888 2388 hominis
914 2325 1004 2409 ipsius
1024 2324 1262 2402 continentiam,
1286 2330 1332 2391 rel
1378 2397 1379 2414 χ

219 2427 392 2497 temporum
411 2413 609 2496 disciplinam.
653 2411 748 2475 Curio
768 2409 805 2474 ad
829 2411 934 2475 focum
959 2411 1073 2476 sedenti
1094 2429 1248 2498 magnum
1269 2417 1334 2477 arni

180 2501 515 2586 10pondueSamnitee
539 2499 613 2563 edm
636 2499 809 2575 attulissent,
832 2501 979 2583 repudiati
1000 2498 1036 2562 ab
1059 2519 1096 2562 eo
1109 2499 1196 2578 sunta
1219 2523 1289 2564 non
1302 2527 1333 2566 e-

220 2589 401 2651 nimaurum
428 2588 539 2651 habere
562 2589 741 2672 praeclarum
767 2585 820 2649 fibi
844 2587 938 2651 videri
953 2587 1043 2662 dixit,
1069 2587 1120 2651 sed
1133 2587 1182 2664 iia,
1206 2591 1265 2672 qui
1279 2590 1332 2652 ha·
1378 2655 1379 2660 ,

219 2675 326 2739 berent
345 2697 465 2751 aurum,
490 2677 647 2759 imperare.
690 2674 852 2738 Poterame
872 2690 974 2738 tantus
990 2673 1109 2738 animus
1132 2697 1196 2738 non
1215 2679 1334 2762 jucun·

219 2763 290 2826 dam
315 2763 434 2827 efficere
455 2761 662 2826 senectutem?
682 2762 744 2826 Sed
763 2763 852 2824 venio
873 2763 912 2825 ad
931 2759 1086 2850 agricolas,
1105 2784 1144 2827 ne
1170 2770 1189 2828 a
1213 2765 1332 2849 meipso
1378 2777 1379 2832 ἲ

218 2852 367 2914 recedam.
410 2851 537 2936 lnagrie
554 2847 935 2927 eranttumSenetoree,&
953 2849 1044 2912 iidem
1055 2850 1154 2927 senes,
1178 2849 1331 2934 liquidem
1378 2845 1379 2858 ¹

180 2938 317 3000 15aranti
326 2935 364 2999 L.
379 2938 532 3024 Quinslio
541 2937 724 3001 Cincinnato
737 2937 915 3001 nunciatum
924 2933 978 3014 est,
988 2955 1059 3001 eum
1068 2937 1265 3022 Dictatorem
1274 2941 1331 3002 esse

218 3025 353 3100 fastum,
373 3026 462 3112 cujus
479 3024 646 3088 Dictatorie
661 3023 742 3111 jussu
753 3023 899 3110 Magister
915 3023 1108 3108 EquitumG
1126 3025 1277 3090 Servilius
1286 3029 1331 3090 A·

214 3112 287 3175 'hala
308 3111 363 3196 Sp.
381 3113 522 3176 Maelium
544 3133 674 3198 regnum
693 3125 898 3198 appetentem,
917 3125 1100 3197 occupatum
1120 3113 1292 3177 interemit:
1312 3115 1331 3178 ὲ
1378 3193 1379 3196 ¹

217 3198 288 3263 villi
301 3199 334 3262 in
347 3198 494 3263 Senatum
503 3199 720 3263 arceffebantur
737 3204 765 3265 dt
782 3200 894 3264 Curius
908 3203 937 3264 ἃ
954 3201 1055 3264 caeteri
1073 3199 1171 3276 senes,
1201 3223 1240 3265 er
1257 3223 1329 3288 quo,
1378 3201 1379 3264 l

222 3290 276 3372 qui
305 3309 357 3350 eos
374 3287 565 3364 arcessebant,
579 3286 708 3351 viatores
719 3287 867 3351 nominati
881 3286 959 3350 sunt.
1004 3287 1091 3350 Num
1107 3287 1202 3373 igitur
1216 3287 1326 3354 horum
1378 3267 1379 3360 s

177 3375 363 3439 iosenedlue
381 3374 556 3438 miserabilia
570 3375 641 3453 fuit,
667 3371 764 3460 quise
779 3375 842 3460 agri
857 3375 990 3440 cultione
1011 3374 1224 3440 oblectabant?
1255 3377 1328 3441 met
1378 3379 1379 3402 ³

219 3463 343 3544 quidem
360 3462 505 3526 sententia
531 3461 614 3526 haud
627 3461 700 3538 scio,
726 3481 764 3524 an
793 3462 854 3524 ulla
881 3462 997 3525 beatior
1018 3461 1077 3526 effe
1100 3462 1201 3546 pellit:
1227 3485 1329 3549 neque

219 3549 317 3611 soltim
343 3549 456 3627 officio,
485 3551 568 3632 qudd
586 3549 746 3612 hominum
764 3549 867 3634 generi
894 3547 1031 3614 universo
1045 3551 1163 3614 cultum
1183 3571 1326 3638 agrorum
1378 3567 1379 3570 ’

219 3635 263 3697 est
277 3635 425 3714 salutarim
455 3635 507 3699 sed
523 3642 553 3701 a
575 3636 787 3714 deleClatione,
810 3657 902 3720 quam
922 3637 995 3713 dixi,
1017 3641 1047 3702 dt
1063 3637 1217 3702 saturitate
1226 3639 1328 3724 copii-

220 3744 280 3806 que
299 3726 438 3786 omnium
452 3745 565 3800 rerum,
591 3743 660 3808 quae
675 3725 714 3786 ad
724 3723 842 3787 vidium
851 3724 1022 3802 hominum,
1049 3726 1087 3786 ad
1103 3727 1223 3788 cultum
1234 3729 1325 3790 etiam

177 3813 349 3874 meorum
364 3812 525 3894 pertinent,
551 3827 597 3888 ut,
626 3811 771 3896 quoniam
784 3811 850 3875 haec
874 3813 996 3896 quidam
1011 3813 1190 3889 desiderant,
1212 3813 1246 3876 in
1260 3835 1326 3900 gn·

219 3899 293 3961 tiam
313 3899 377 3985 jam
397 3919 468 3960 cum
482 3900 637 3983 voluptate
650 3899 819 3962 redeamus.
863 3899 991 3985 Semper
1017 3902 1099 3964 enim
1112 3901 1185 3964 boni
1207 3901 1323 3964 affidui-

219 4009 281 4070 que
305 3985 420 4050 domini
445 3983 555 4048 referta
574 3989 649 4050 cella
662 3986 786 4063 vinaria,
811 3987 931 4064 olearia,
951 3987 1043 4051 etiam
1054 3989 1175 4073 penaria
1190 3988 1245 4065 est,
1269 3989 1320 4050 vil-

192 4112 195 4116 ·
219 4076 309 4158 laque
329 4091 393 4138 tota
417 4074 552 4156 locuples
574 4074 633 4151 est,
662 4073 795 4138 abundat
820 4095 923 4159 porco,
951 4075 1057 4152 hoedo,
1085 4095 1175 4161 agno,
1204 4076 1321 4161 galdini,

220 4162 310 4238 laste,
333 4162 429 4237 caseo,
450 4161 550 4223 melle.
595 4161 808 4225 lambertum
827 4162 880 4246 ipsi
906 4163 1046 4246 agricolae
1065 4162 1229 4226 succidiam
1251 4166 1323 4226 alre-

179 4255 288 4311 soram
302 4252 463 4334 appellant.
510 4246 687 4312 Conditiora
705 4250 779 4312 facit
786 4248 852 4312 haec
867 4248 1090 4334 supervacaneis
1107 4251 1209 4334 operia
1232 4269 1323 4314 aucu-

220 4336 306 4418 pium
315 4351 406 4420 atque
416 4335 545 4400 venatio.
591 4336 678 4421 Quid
692 4336 731 4401 de
744 4351 905 4421 pratorum
922 4338 1082 4415 viriditate,
1105 4349 1160 4401 aut
1180 4337 1320 4402 arborum
