<?xml version="1.0" encoding="UTF-8"?>
<!DOCTYPE html PUBLIC "-//W3C//DTD XHTML 1.0 Transitional//EN"
    "http://www.w3.org/TR/xhtml1/DTD/xhtml1-transitional.dtd">
<html xmlns="http://www.w3.org/1999/xhtml" xml:lang="en" lang="en">
 <head>
  <title>
</title>
<meta http-equiv="Content-Type" content="text/html;charset=utf-8" />
  <meta name='ocr-system' content='tesseract 3.04.00' />
  <meta name='ocr-capabilities' content='ocr_page ocr_carea ocr_par ocr_line ocrx_word'/>
</head>
<body>
  <div class='ocr_page' id='page_1' title='image "./orationesquaeda00mrgoog/orationesquaeda00mrgoog_0591.png"; bbox 0 0 2825 4775; ppageno 0'>
   <div class='ocr_carea' id='block_1_1' title="bbox 553 276 1264 343">
    <p class='ocr_par' dir='ltr' id='par_1_1' title="bbox 553 276 1264 343">
     <span class='ocr_line' id='line_1_1' title="bbox 553 276 1264 343; baseline 0.003 -2"><span class='ocrx_word' id='word_1_1' title='bbox 553 276 614 341; x_wconf 87' lang='lat' dir='ltr'>DE</span> <span class='ocrx_word' id='word_1_2' title='bbox 636 277 850 343; x_wconf 81' lang='lat' dir='ltr'><strong>AMICITIA.</strong></span> <span class='ocrx_word' id='word_1_3' title='bbox 930 303 935 311; x_wconf 95' lang='lat'>·</span> <span class='ocrx_word' id='word_1_4' title='bbox 1202 286 1264 343; x_wconf 80' lang='lat'>549</span> 
     </span>
    </p>
   </div>
   <div class='ocr_carea' id='block_1_2' title="bbox 99 410 1328 4418">
    <p class='ocr_par' dir='ltr' id='par_1_2' title="bbox 99 410 1328 4418">
     <span class='ocr_line' id='line_1_2' title="bbox 130 410 1222 498; baseline 0.003 -24"><span class='ocrx_word' id='word_1_5' title='bbox 130 410 384 488; x_wconf 73' lang='lat' dir='ltr'>secontulerunt3</span> <span class='ocrx_word' id='word_1_6' title='bbox 412 412 493 488; x_wconf 74' lang='lat' dir='ltr'>aii,</span> <span class='ocrx_word' id='word_1_7' title='bbox 516 412 569 495; x_wconf 90' lang='lat' dir='ltr'>qui</span> <span class='ocrx_word' id='word_1_8' title='bbox 598 413 898 498; x_wconf 66' lang='lat' dir='ltr'>rerumeognitione</span> <span class='ocrx_word' id='word_1_9' title='bbox 913 410 1222 497; x_wconf 66' lang='lat' dir='ltr'>dodlrinaique&#39;delec·</span> 
     </span>
     <span class='ocr_line' id='line_1_3' title="bbox 127 499 1223 586; baseline 0.001 -24"><span class='ocrx_word' id='word_1_10' title='bbox 127 513 244 575; x_wconf 64' lang='lat' dir='ltr'>tantum</span> <span class='ocrx_word' id='word_1_11' title='bbox 276 504 305 565; x_wconf 77' lang='grc' dir='ltr'>δι</span> <span class='ocrx_word' id='word_1_12' title='bbox 322 500 364 576; x_wconf 83' lang='lat' dir='ltr'>ii,</span> <span class='ocrx_word' id='word_1_13' title='bbox 379 500 433 583; x_wconf 88' lang='lat' dir='ltr'>qui</span> <span class='ocrx_word' id='word_1_14' title='bbox 446 499 534 562; x_wconf 92' lang='lat' dir='ltr'>suum</span> <span class='ocrx_word' id='word_1_15' title='bbox 545 501 703 586; x_wconf 83' lang='lat' dir='ltr'><strong>negotium</strong></span> <span class='ocrx_word' id='word_1_16' title='bbox 718 516 827 585; x_wconf 80' lang='lat' dir='ltr'>gerunt</span> <span class='ocrx_word' id='word_1_17' title='bbox 841 501 939 563; x_wconf 87' lang='lat' dir='ltr'>otiofi:</span> <span class='ocrx_word' id='word_1_18' title='bbox 953 499 1105 585; x_wconf 80' lang='lat' dir='ltr'>postremb</span> <span class='ocrx_word' id='word_1_19' title='bbox 1122 501 1153 576; x_wconf 93' lang='lat' dir='ltr'>ii,</span> <span class='ocrx_word' id='word_1_20' title='bbox 1168 501 1223 584; x_wconf 91' lang='lat' dir='ltr'>qui</span> 
     </span>
     <span class='ocr_line' id='line_1_4' title="bbox 125 584 1222 675; baseline -0.001 -26"><span class='ocrx_word' id='word_1_21' title='bbox 125 584 157 649; x_wconf 87' lang='lat' dir='ltr'>se</span> <span class='ocrx_word' id='word_1_22' title='bbox 179 600 265 650; x_wconf 82' lang='lat' dir='ltr'>totos</span> <span class='ocrx_word' id='word_1_23' title='bbox 290 586 477 650; x_wconf 88' lang='lat' dir='ltr'>tradiderunt</span> <span class='ocrx_word' id='word_1_24' title='bbox 486 587 701 675; x_wconf 85' lang='lat' dir='ltr'>voluptatibus,</span> <span class='ocrx_word' id='word_1_25' title='bbox 717 588 776 671; x_wconf 74' lang='lat' dir='ltr'>srpe</span> <span class='ocrx_word' id='word_1_26' title='bbox 788 586 917 651; x_wconf 73' lang='lat' dir='ltr'>amicitis</span> <span class='ocrx_word' id='word_1_27' title='bbox 931 588 1023 667; x_wconf 84' lang='lat' dir='ltr'>vitam</span> <span class='ocrx_word' id='word_1_28' title='bbox 1036 590 1092 651; x_wconf 86' lang='lat' dir='ltr'>esse</span> <span class='ocrx_word' id='word_1_29' title='bbox 1107 590 1222 652; x_wconf 91' lang='lat' dir='ltr'>nullam</span> 
     </span>
     <span class='ocr_line' id='line_1_5' title="bbox 124 672 1223 759; baseline 0.002 -24"><span class='ocrx_word' id='word_1_30' title='bbox 124 672 270 751; x_wconf 84' lang='lat' dir='ltr'>sentiunt,</span> <span class='ocrx_word' id='word_1_31' title='bbox 307 673 429 737; x_wconf 82' lang='lat' dir='ltr'>limodb</span> <span class='ocrx_word' id='word_1_32' title='bbox 450 674 545 738; x_wconf 81' lang='lat' dir='ltr'>velint</span> <span class='ocrx_word' id='word_1_33' title='bbox 567 673 668 757; x_wconf 73' lang='lat' dir='ltr'>aliqust</span> <span class='ocrx_word' id='word_1_34' title='bbox 681 695 719 738; x_wconf 86' lang='lat' dir='ltr'>ex</span> <span class='ocrx_word' id='word_1_35' title='bbox 733 672 817 758; x_wconf 84' lang='lat' dir='ltr'>parte</span> <span class='ocrx_word' id='word_1_36' title='bbox 833 674 993 749; x_wconf 81' lang='lat' dir='ltr'>liberaliter</span> <span class='ocrx_word' id='word_1_37' title='bbox 1007 675 1121 751; x_wconf 86' lang='lat' dir='ltr'>vivere;</span> <span class='ocrx_word' id='word_1_38' title='bbox 1133 674 1223 759; x_wconf 84' lang='lat' dir='ltr'><strong>serpit</strong></span> 
     </span>
     <span class='ocr_line' id='line_1_6' title="bbox 124 724 1262 845; baseline 0.004 -24"><span class='ocrx_word' id='word_1_39' title='bbox 124 760 209 821; x_wconf 89' lang='lat' dir='ltr'>enim</span> <span class='ocrx_word' id='word_1_40' title='bbox 218 762 321 824; x_wconf 90' lang='lat' dir='ltr'>nescio</span> <span class='ocrx_word' id='word_1_41' title='bbox 334 762 488 845; x_wconf 86' lang='lat' dir='ltr'>quomodo</span> <span class='ocrx_word' id='word_1_42' title='bbox 500 724 560 843; x_wconf 83' lang='lat' dir='ltr'>pes</span> <span class='ocrx_word' id='word_1_43' title='bbox 566 761 706 823; x_wconf 89' lang='lat' dir='ltr'>omnium</span> <span class='ocrx_word' id='word_1_44' title='bbox 720 762 795 823; x_wconf 84' lang='lat' dir='ltr'>vitas</span> <span class='ocrx_word' id='word_1_45' title='bbox 810 761 954 825; x_wconf 88' lang='lat' dir='ltr'>amicitia:</span> <span class='ocrx_word' id='word_1_46' title='bbox 969 783 1025 824; x_wconf 91' lang='lat' dir='ltr'>nec</span> <span class='ocrx_word' id='word_1_47' title='bbox 1040 763 1134 823; x_wconf 89' lang='lat' dir='ltr'>ullam</span> <span class='ocrx_word' id='word_1_48' title='bbox 1149 769 1262 825; x_wconf 81' lang='lat' dir='ltr'>aeta-15</span> 
     </span>
     <span class='ocr_line' id='line_1_7' title="bbox 122 846 1221 934; baseline 0.002 -25"><span class='ocrx_word' id='word_1_49' title='bbox 122 846 164 909; x_wconf 82' lang='lat' dir='ltr'>tis</span> <span class='ocrx_word' id='word_1_50' title='bbox 184 848 329 934; x_wconf 82' lang='lat' dir='ltr'>degendae</span> <span class='ocrx_word' id='word_1_51' title='bbox 347 849 496 912; x_wconf 88' lang='lat' dir='ltr'>rationem</span> <span class='ocrx_word' id='word_1_52' title='bbox 521 848 634 929; x_wconf 90' lang='lat' dir='ltr'>patitur</span> <span class='ocrx_word' id='word_1_53' title='bbox 657 848 714 911; x_wconf 84' lang='lat' dir='ltr'>esse</span> <span class='ocrx_word' id='word_1_54' title='bbox 728 863 883 931; x_wconf 87' lang='lat' dir='ltr'>expertem</span> <span class='ocrx_word' id='word_1_55' title='bbox 897 848 953 911; x_wconf 92' lang='lat' dir='ltr'>sui.</span> <span class='ocrx_word' id='word_1_56' title='bbox 998 848 1221 934; x_wconf 82' lang='lat' dir='ltr'>Quinetiam,sr</span> 
     </span>
     <span class='ocr_line' id='line_1_8' title="bbox 123 933 1222 1020; baseline 0.002 -24"><span class='ocrx_word' id='word_1_57' title='bbox 123 933 192 1017; x_wconf 88' lang='lat' dir='ltr'>quis</span> <span class='ocrx_word' id='word_1_58' title='bbox 217 942 251 997; x_wconf 77' lang='lat' dir='ltr'>erl</span> <span class='ocrx_word' id='word_1_59' title='bbox 259 935 414 1020; x_wconf 80' lang='lat' dir='ltr'>asperitate</span> <span class='ocrx_word' id='word_1_60' title='bbox 437 933 481 996; x_wconf 89' lang='lat' dir='ltr'>est</span> <span class='ocrx_word' id='word_1_61' title='bbox 498 938 526 999; x_wconf 68' lang='grc' dir='ltr'>ἃ</span> <span class='ocrx_word' id='word_1_62' title='bbox 541 935 728 997; x_wconf 85' lang='lat' dir='ltr'>immanitate</span> <span class='ocrx_word' id='word_1_63' title='bbox 743 950 868 1011; x_wconf 88' lang='lat' dir='ltr'>naturae,</span> <span class='ocrx_word' id='word_1_64' title='bbox 889 937 1059 1019; x_wconf 79' lang='lat' dir='ltr'>congressus</span> <span class='ocrx_word' id='word_1_65' title='bbox 1074 950 1108 997; x_wconf 93' lang='lat' dir='ltr'>ut</span> <span class='ocrx_word' id='word_1_66' title='bbox 1122 934 1222 998; x_wconf 93' lang='lat' dir='ltr'>homi-</span> 
     </span>
     <span class='ocr_line' id='line_1_9' title="bbox 122 1020 1262 1107; baseline 0.002 -25"><span class='ocrx_word' id='word_1_67' title='bbox 122 1042 198 1082; x_wconf 90' lang='lat' dir='ltr'>num</span> <span class='ocrx_word' id='word_1_68' title='bbox 213 1023 311 1107; x_wconf 85' lang='lat' dir='ltr'>fugiat</span> <span class='ocrx_word' id='word_1_69' title='bbox 322 1036 413 1104; x_wconf 89' lang='lat' dir='ltr'>atque</span> <span class='ocrx_word' id='word_1_70' title='bbox 436 1020 544 1097; x_wconf 90' lang='lat' dir='ltr'>oderit,</span> <span class='ocrx_word' id='word_1_71' title='bbox 556 1022 678 1103; x_wconf 89' lang='lat' dir='ltr'>qualem</span> <span class='ocrx_word' id='word_1_72' title='bbox 691 1022 779 1084; x_wconf 83' lang='lat' dir='ltr'>fuisse</span> <span class='ocrx_word' id='word_1_73' title='bbox 797 1022 933 1085; x_wconf 81' lang='lat' dir='ltr'>Athenis</span> <span class='ocrx_word' id='word_1_74' title='bbox 942 1022 1107 1086; x_wconf 86' lang='lat' dir='ltr'><strong>Timonem</strong></span> <span class='ocrx_word' id='word_1_75' title='bbox 1119 1023 1219 1085; x_wconf 91' lang='lat' dir='ltr'>nescio</span> <span class='ocrx_word' id='word_1_76' title='bbox 1257 1066 1262 1105; x_wconf 62' lang='lat'><em>5</em></span> 
     </span>
     <span class='ocr_line' id='line_1_10' title="bbox 121 1108 1281 1193; baseline 0 -23"><span class='ocrx_word' id='word_1_77' title='bbox 121 1129 215 1192; x_wconf 87' lang='lat' dir='ltr'>quem</span> <span class='ocrx_word' id='word_1_78' title='bbox 237 1111 424 1192; x_wconf 83' lang='lat' dir='ltr'>accepimus3</span> <span class='ocrx_word' id='word_1_79' title='bbox 451 1122 552 1171; x_wconf 88' lang='lat' dir='ltr'>tamen</span> <span class='ocrx_word' id='word_1_80' title='bbox 576 1109 601 1171; x_wconf 89' lang='lat' dir='ltr'>is</span> <span class='ocrx_word' id='word_1_81' title='bbox 627 1110 689 1193; x_wconf 89' lang='lat' dir='ltr'>pati</span> <span class='ocrx_word' id='word_1_82' title='bbox 713 1130 774 1170; x_wconf 92' lang='lat' dir='ltr'>non</span> <span class='ocrx_word' id='word_1_83' title='bbox 786 1108 882 1192; x_wconf 75' lang='lat' dir='ltr'>possit,</span> <span class='ocrx_word' id='word_1_84' title='bbox 893 1124 928 1171; x_wconf 94' lang='lat' dir='ltr'>ut</span> <span class='ocrx_word' id='word_1_85' title='bbox 940 1130 1002 1172; x_wconf 91' lang='lat' dir='ltr'>non</span> <span class='ocrx_word' id='word_1_86' title='bbox 1017 1110 1155 1193; x_wconf 83' lang='lat' dir='ltr'>anquirat</span> <span class='ocrx_word' id='word_1_87' title='bbox 1169 1110 1222 1171; x_wconf 84' lang='lat' dir='ltr'>ali·</span> <span class='ocrx_word' id='word_1_88' title='bbox 1278 1130 1281 1136; x_wconf 72' lang='grc'><em>’</em></span> 
     </span>
     <span class='ocr_line' id='line_1_11' title="bbox 120 1195 1263 1280; baseline 0.003 -24"><span class='ocrx_word' id='word_1_89' title='bbox 120 1216 226 1277; x_wconf 88' lang='lat' dir='ltr'>quem,</span> <span class='ocrx_word' id='word_1_90' title='bbox 251 1197 332 1280; x_wconf 91' lang='lat' dir='ltr'>apud</span> <span class='ocrx_word' id='word_1_91' title='bbox 357 1216 450 1277; x_wconf 91' lang='lat' dir='ltr'>quem</span> <span class='ocrx_word' id='word_1_92' title='bbox 471 1210 591 1257; x_wconf 81' lang='lat' dir='ltr'>evomat</span> <span class='ocrx_word' id='word_1_93' title='bbox 608 1197 691 1258; x_wconf 81' lang='lat' dir='ltr'>virus</span> <span class='ocrx_word' id='word_1_94' title='bbox 713 1195 880 1259; x_wconf 82' lang='lat' dir='ltr'>acerbitatis</span> <span class='ocrx_word' id='word_1_95' title='bbox 907 1196 977 1259; x_wconf 85' lang='lat' dir='ltr'>suae.</span> <span class='ocrx_word' id='word_1_96' title='bbox 1023 1200 1128 1279; x_wconf 86' lang='lat' dir='ltr'>Atque</span> <span class='ocrx_word' id='word_1_97' title='bbox 1157 1196 1263 1260; x_wconf 81' lang='lat' dir='ltr'>hoeao</span> 
     </span>
     <span class='ocr_line' id='line_1_12' title="bbox 120 1281 1221 1368; baseline 0.003 -25"><span class='ocrx_word' id='word_1_98' title='bbox 120 1281 252 1344; x_wconf 75' lang='lat' dir='ltr'>maxime</span> <span class='ocrx_word' id='word_1_99' title='bbox 270 1282 467 1367; x_wconf 86' lang='lat' dir='ltr'>judicaretur,</span> <span class='ocrx_word' id='word_1_100' title='bbox 490 1282 511 1344; x_wconf 86' lang='lat' dir='ltr'><strong>fi</strong></span> <span class='ocrx_word' id='word_1_101' title='bbox 530 1283 605 1365; x_wconf 92' lang='lat' dir='ltr'>quid</span> <span class='ocrx_word' id='word_1_102' title='bbox 618 1284 678 1345; x_wconf 88' lang='lat' dir='ltr'>tale</span> <span class='ocrx_word' id='word_1_103' title='bbox 694 1284 790 1366; x_wconf 86' lang='lat' dir='ltr'>posset</span> <span class='ocrx_word' id='word_1_104' title='bbox 806 1284 990 1367; x_wconf 86' lang='lat' dir='ltr'>contingere,</span> <span class='ocrx_word' id='word_1_105' title='bbox 1003 1299 1036 1346; x_wconf 92' lang='lat' dir='ltr'>ut</span> <span class='ocrx_word' id='word_1_106' title='bbox 1048 1284 1154 1368; x_wconf 86' lang='lat' dir='ltr'>aliquis</span> <span class='ocrx_word' id='word_1_107' title='bbox 1165 1294 1221 1347; x_wconf 83' lang='lat' dir='ltr'>dos</span> 
     </span>
     <span class='ocr_line' id='line_1_13' title="bbox 123 1366 1221 1454; baseline 0.003 -24"><span class='ocrx_word' id='word_1_108' title='bbox 123 1369 202 1431; x_wconf 82' lang='lat' dir='ltr'>deus</span> <span class='ocrx_word' id='word_1_109' title='bbox 222 1390 260 1430; x_wconf 85' lang='lat' dir='ltr'>ex</span> <span class='ocrx_word' id='word_1_110' title='bbox 274 1366 332 1432; x_wconf 72' lang='lat' dir='ltr'>hac</span> <span class='ocrx_word' id='word_1_111' title='bbox 353 1368 513 1435; x_wconf 88' lang='lat' dir='ltr'>hominum</span> <span class='ocrx_word' id='word_1_112' title='bbox 524 1369 696 1453; x_wconf 63' lang='lat' dir='ltr'>frequentis</span> <span class='ocrx_word' id='word_1_113' title='bbox 709 1371 838 1446; x_wconf 86' lang='lat' dir='ltr'>tolleret,</span> <span class='ocrx_word' id='word_1_114' title='bbox 855 1374 884 1433; x_wconf 76' lang='grc' dir='ltr'>δι</span> <span class='ocrx_word' id='word_1_115' title='bbox 895 1371 927 1432; x_wconf 90' lang='lat' dir='ltr'>in</span> <span class='ocrx_word' id='word_1_116' title='bbox 936 1370 1095 1433; x_wconf 90' lang='lat' dir='ltr'>solitudine</span> <span class='ocrx_word' id='word_1_117' title='bbox 1105 1370 1221 1454; x_wconf 88' lang='lat' dir='ltr'>uspiam</span> 
     </span>
     <span class='ocr_line' id='line_1_14' title="bbox 120 1456 1222 1541; baseline 0.003 -23"><span class='ocrx_word' id='word_1_118' title='bbox 120 1456 303 1531; x_wconf 68' lang='lat' dir='ltr'>collocaret,</span> <span class='ocrx_word' id='word_1_119' title='bbox 314 1469 406 1540; x_wconf 90' lang='lat' dir='ltr'>atque</span> <span class='ocrx_word' id='word_1_120' title='bbox 416 1456 459 1519; x_wconf 90' lang='lat' dir='ltr'>ibi</span> <span class='ocrx_word' id='word_1_121' title='bbox 478 1456 671 1541; x_wconf 77' lang='lat' dir='ltr'>suppeditans</span> <span class='ocrx_word' id='word_1_122' title='bbox 685 1457 824 1521; x_wconf 84' lang='lat' dir='ltr'>omniunt</span> <span class='ocrx_word' id='word_1_123' title='bbox 838 1478 952 1533; x_wconf 89' lang='lat' dir='ltr'>rerum,</span> <span class='ocrx_word' id='word_1_124' title='bbox 962 1479 1035 1539; x_wconf 87' lang='lat' dir='ltr'>quas</span> <span class='ocrx_word' id='word_1_125' title='bbox 1047 1472 1153 1521; x_wconf 86' lang='lat' dir='ltr'>natura</span> <span class='ocrx_word' id='word_1_126' title='bbox 1168 1458 1222 1521; x_wconf 82' lang='lat' dir='ltr'>de-</span> 
     </span>
     <span class='ocr_line' id='line_1_15' title="bbox 120 1541 1206 1629; baseline 0.004 -25"><span class='ocrx_word' id='word_1_127' title='bbox 120 1542 237 1619; x_wconf 79' lang='lat' dir='ltr'>fiderat,</span> <span class='ocrx_word' id='word_1_128' title='bbox 261 1544 477 1609; x_wconf 87' lang='lat' dir='ltr'>abundantiam</span> <span class='ocrx_word' id='word_1_129' title='bbox 489 1548 522 1607; x_wconf 70' lang='lat' dir='ltr'>dr</span> <span class='ocrx_word' id='word_1_130' title='bbox 536 1541 665 1629; x_wconf 64' lang='lat' dir='ltr'>copiam,</span> <span class='ocrx_word' id='word_1_131' title='bbox 686 1543 819 1607; x_wconf 90' lang='lat' dir='ltr'>hominis</span> <span class='ocrx_word' id='word_1_132' title='bbox 833 1543 959 1606; x_wconf 79' lang='lat' dir='ltr'>omnino</span> <span class='ocrx_word' id='word_1_133' title='bbox 977 1542 1137 1628; x_wconf 88' lang='lat' dir='ltr'>aspiciendi</span> <span class='ocrx_word' id='word_1_134' title='bbox 1152 1568 1206 1629; x_wconf 91' lang='lat' dir='ltr'>po·</span> 
     </span>
     <span class='ocr_line' id='line_1_16' title="bbox 123 1629 1262 1715; baseline 0.004 -24"><span class='ocrx_word' id='word_1_135' title='bbox 123 1629 262 1693; x_wconf 87' lang='lat' dir='ltr'>testatem</span> <span class='ocrx_word' id='word_1_136' title='bbox 291 1632 434 1715; x_wconf 71' lang='lat' dir='ltr'>eriperet,</span> <span class='ocrx_word' id='word_1_137' title='bbox 455 1632 528 1713; x_wconf 88' lang='lat' dir='ltr'>quis</span> <span class='ocrx_word' id='word_1_138' title='bbox 554 1647 619 1694; x_wconf 86' lang='lat' dir='ltr'>tam</span> <span class='ocrx_word' id='word_1_139' title='bbox 642 1631 714 1693; x_wconf 90' lang='lat' dir='ltr'>esset</span> <span class='ocrx_word' id='word_1_140' title='bbox 742 1630 868 1707; x_wconf 74' lang='lat' dir='ltr'>ferreus,</span> <span class='ocrx_word' id='word_1_141' title='bbox 890 1630 1262 1715; x_wconf 72' lang='lat' dir='ltr'>quieamvitamserre25</span> 
     </span>
     <span class='ocr_line' id='line_1_17' title="bbox 118 1717 1219 1801; baseline 0.004 -22"><span class='ocrx_word' id='word_1_142' title='bbox 118 1717 224 1800; x_wconf 86' lang='lat' dir='ltr'>poffet,</span> <span class='ocrx_word' id='word_1_143' title='bbox 232 1718 343 1801; x_wconf 90' lang='lat' dir='ltr'>cuique</span> <span class='ocrx_word' id='word_1_144' title='bbox 357 1740 420 1781; x_wconf 85' lang='lat' dir='ltr'>nou</span> <span class='ocrx_word' id='word_1_145' title='bbox 432 1719 564 1781; x_wconf 85' lang='lat' dir='ltr'>auferret</span> <span class='ocrx_word' id='word_1_146' title='bbox 572 1718 710 1781; x_wconf 74' lang='lat' dir='ltr'>fructum</span> <span class='ocrx_word' id='word_1_147' title='bbox 721 1719 911 1801; x_wconf 86' lang='lat' dir='ltr'>voluptatum</span> <span class='ocrx_word' id='word_1_148' title='bbox 921 1718 1058 1781; x_wconf 90' lang='lat' dir='ltr'>omnium</span> <span class='ocrx_word' id='word_1_149' title='bbox 1072 1718 1219 1783; x_wconf 82' lang='lat' dir='ltr'>solitudo?</span> 
     </span>
     <span class='ocr_line' id='line_1_18' title="bbox 118 1804 1220 1891; baseline 0.004 -26"><span class='ocrx_word' id='word_1_150' title='bbox 118 1804 239 1866; x_wconf 85' lang='lat' dir='ltr'>Verum</span> <span class='ocrx_word' id='word_1_151' title='bbox 258 1826 332 1890; x_wconf 86' lang='lat' dir='ltr'>ergo</span> <span class='ocrx_word' id='word_1_152' title='bbox 346 1805 421 1867; x_wconf 88' lang='lat' dir='ltr'>illud</span> <span class='ocrx_word' id='word_1_153' title='bbox 436 1804 491 1880; x_wconf 87' lang='lat' dir='ltr'>est,</span> <span class='ocrx_word' id='word_1_154' title='bbox 505 1806 588 1888; x_wconf 92' lang='lat' dir='ltr'>quod</span> <span class='ocrx_word' id='word_1_155' title='bbox 603 1814 620 1867; x_wconf 77' lang='lat' dir='ltr'>a</span> <span class='ocrx_word' id='word_1_156' title='bbox 633 1805 801 1869; x_wconf 90' lang='lat' dir='ltr'>Tarentino</span> <span class='ocrx_word' id='word_1_157' title='bbox 817 1805 961 1891; x_wconf 75' lang='lat' dir='ltr'>Archytl,</span> <span class='ocrx_word' id='word_1_158' title='bbox 977 1820 1012 1867; x_wconf 93' lang='lat' dir='ltr'>ut</span> <span class='ocrx_word' id='word_1_159' title='bbox 1025 1805 1144 1888; x_wconf 86' lang='lat' dir='ltr'>opinor,</span> <span class='ocrx_word' id='word_1_160' title='bbox 1159 1806 1220 1869; x_wconf 90' lang='lat' dir='ltr'>dici</span> 
     </span>
     <span class='ocr_line' id='line_1_19' title="bbox 118 1889 1219 1968; baseline 0.004 -15"><span class='ocrx_word' id='word_1_161' title='bbox 118 1889 252 1967; x_wconf 89' lang='lat' dir='ltr'>solitum,</span> <span class='ocrx_word' id='word_1_162' title='bbox 278 1892 394 1957; x_wconf 86' lang='lat' dir='ltr'>nostros</span> <span class='ocrx_word' id='word_1_163' title='bbox 412 1892 498 1957; x_wconf 85' lang='lat' dir='ltr'>senes</span> <span class='ocrx_word' id='word_1_164' title='bbox 512 1913 749 1961; x_wconf 83' lang='lat' dir='ltr'>commemorare</span> <span class='ocrx_word' id='word_1_165' title='bbox 763 1892 875 1968; x_wconf 81' lang='lat' dir='ltr'>audivi,</span> <span class='ocrx_word' id='word_1_166' title='bbox 891 1891 927 1954; x_wconf 90' lang='lat' dir='ltr'>ab</span> <span class='ocrx_word' id='word_1_167' title='bbox 942 1892 1007 1955; x_wconf 87' lang='lat' dir='ltr'>aliis</span> <span class='ocrx_word' id='word_1_168' title='bbox 1032 1893 1151 1956; x_wconf 81' lang='lat' dir='ltr'>senibus</span> <span class='ocrx_word' id='word_1_169' title='bbox 1165 1916 1219 1957; x_wconf 89' lang='lat' dir='ltr'>au-</span> 
     </span>
     <span class='ocr_line' id='line_1_20' title="bbox 118 1976 1220 2064; baseline 0.003 -25"><span class='ocrx_word' id='word_1_170' title='bbox 118 1976 231 2040; x_wconf 86' lang='lat' dir='ltr'>ditum:</span> <span class='ocrx_word' id='word_1_171' title='bbox 253 1978 287 2042; x_wconf 91' lang='lat' dir='ltr'>Si</span> <span class='ocrx_word' id='word_1_172' title='bbox 308 1979 376 2061; x_wconf 88' lang='lat' dir='ltr'>quis</span> <span class='ocrx_word' id='word_1_173' title='bbox 391 1981 549 2048; x_wconf 78' lang='lat' dir='ltr'>incoelum</span> <span class='ocrx_word' id='word_1_174' title='bbox 564 1979 746 2055; x_wconf 87' lang='lat' dir='ltr'>ascendisset,</span> <span class='ocrx_word' id='word_1_175' title='bbox 757 1995 956 2062; x_wconf 85' lang='lat' dir='ltr'>naturamque</span> <span class='ocrx_word' id='word_1_176' title='bbox 971 1981 1088 2055; x_wconf 90' lang='lat' dir='ltr'>mundi,</span> <span class='ocrx_word' id='word_1_177' title='bbox 1106 1984 1134 2043; x_wconf 87' lang='lat'>&amp;</span> <span class='ocrx_word' id='word_1_178' title='bbox 1151 1982 1220 2064; x_wconf 92' lang='lat' dir='ltr'>pul-</span> 
     </span>
     <span class='ocr_line' id='line_1_21' title="bbox 116 2064 1260 2149; baseline 0.003 -21"><span class='ocrx_word' id='word_1_179' title='bbox 116 2064 322 2129; x_wconf 89' lang='lat' dir='ltr'>chritudinem</span> <span class='ocrx_word' id='word_1_180' title='bbox 352 2066 480 2129; x_wconf 85' lang='lat' dir='ltr'>siderum</span> <span class='ocrx_word' id='word_1_181' title='bbox 491 2065 694 2149; x_wconf 84' lang='lat' dir='ltr'>perspexisset,</span> <span class='ocrx_word' id='word_1_182' title='bbox 710 2065 863 2129; x_wconf 83' lang='lat' dir='ltr'>insuavem</span> <span class='ocrx_word' id='word_1_183' title='bbox 882 2068 964 2127; x_wconf 90' lang='lat' dir='ltr'>illam</span> <span class='ocrx_word' id='word_1_184' title='bbox 984 2068 1260 2131; x_wconf 76' lang='lat' dir='ltr'>admirationemsso</span> 
     </span>
     <span class='ocr_line' id='line_1_22' title="bbox 117 2152 1219 2236; baseline 0.001 -22"><span class='ocrx_word' id='word_1_185' title='bbox 117 2152 148 2214; x_wconf 90' lang='lat' dir='ltr'>ei</span> <span class='ocrx_word' id='word_1_186' title='bbox 172 2152 248 2228; x_wconf 88' lang='lat' dir='ltr'>sore,</span> <span class='ocrx_word' id='word_1_187' title='bbox 272 2174 342 2235; x_wconf 84' lang='lat' dir='ltr'>quae</span> <span class='ocrx_word' id='word_1_188' title='bbox 363 2152 577 2236; x_wconf 80' lang='lat' dir='ltr'>jucundissima</span> <span class='ocrx_word' id='word_1_189' title='bbox 596 2152 707 2226; x_wconf 83' lang='lat' dir='ltr'>suisset,</span> <span class='ocrx_word' id='word_1_190' title='bbox 730 2153 749 2212; x_wconf 91' lang='lat' dir='ltr'>sr</span> <span class='ocrx_word' id='word_1_191' title='bbox 776 2152 907 2235; x_wconf 90' lang='lat' dir='ltr'>aliquem</span> <span class='ocrx_word' id='word_1_192' title='bbox 933 2153 984 2214; x_wconf 94' lang='lat' dir='ltr'>cui</span> <span class='ocrx_word' id='word_1_193' title='bbox 1008 2169 1139 2215; x_wconf 87' lang='lat' dir='ltr'>narraret</span> <span class='ocrx_word' id='word_1_194' title='bbox 1162 2154 1219 2215; x_wconf 88' lang='lat' dir='ltr'>ha-</span> 
     </span>
     <span class='ocr_line' id='line_1_23' title="bbox 116 2236 1217 2325; baseline 0.002 -24"><span class='ocrx_word' id='word_1_195' title='bbox 116 2238 235 2303; x_wconf 82' lang='lat' dir='ltr'>buisset.</span> <span class='ocrx_word' id='word_1_196' title='bbox 277 2239 329 2303; x_wconf 89' lang='lat' dir='ltr'>Sic</span> <span class='ocrx_word' id='word_1_197' title='bbox 350 2254 458 2302; x_wconf 89' lang='lat' dir='ltr'>natura</span> <span class='ocrx_word' id='word_1_198' title='bbox 467 2238 631 2305; x_wconf 87' lang='lat' dir='ltr'>solitarium</span> <span class='ocrx_word' id='word_1_199' title='bbox 654 2236 729 2300; x_wconf 87' lang='lat' dir='ltr'>nihil</span> <span class='ocrx_word' id='word_1_200' title='bbox 743 2254 834 2315; x_wconf 89' lang='lat' dir='ltr'>amat,</span> <span class='ocrx_word' id='word_1_201' title='bbox 850 2238 1025 2321; x_wconf 87' lang='lat' dir='ltr'>semperque</span> <span class='ocrx_word' id='word_1_202' title='bbox 1042 2240 1079 2301; x_wconf 91' lang='lat' dir='ltr'>ad</span> <span class='ocrx_word' id='word_1_203' title='bbox 1094 2239 1217 2325; x_wconf 86' lang='lat' dir='ltr'>aliquod</span> 
     </span>
     <span class='ocr_line' id='line_1_24' title="bbox 116 2318 1256 2422; baseline 0.003 -33"><span class='ocrx_word' id='word_1_204' title='bbox 116 2340 264 2410; x_wconf 87' lang='lat' dir='ltr'>tanquam</span> <span class='ocrx_word' id='word_1_205' title='bbox 292 2326 511 2397; x_wconf 84' lang='lat' dir='ltr'>adminiculum</span> <span class='ocrx_word' id='word_1_206' title='bbox 539 2325 697 2395; x_wconf 87' lang='lat' dir='ltr'>annititur:</span> <span class='ocrx_word' id='word_1_207' title='bbox 724 2325 807 2409; x_wconf 89' lang='lat' dir='ltr'>quod</span> <span class='ocrx_word' id='word_1_208' title='bbox 830 2326 864 2398; x_wconf 84' lang='lat' dir='ltr'>in</span> <span class='ocrx_word' id='word_1_209' title='bbox 888 2325 1061 2398; x_wconf 81' lang='lat' dir='ltr'>amicissimo</span> <span class='ocrx_word' id='word_1_210' title='bbox 1094 2318 1218 2422; x_wconf 86' lang='lat' dir='ltr'>quoque</span> <span class='ocrx_word' id='word_1_211' title='bbox 1249 2364 1256 2382; x_wconf 51' lang='grc' dir='ltr'><strong>ν</strong></span> 
     </span>
     <span class='ocr_line' id='line_1_25' title="bbox 116 2413 1216 2502; baseline 0.009 -26"><span class='ocrx_word' id='word_1_212' title='bbox 116 2413 324 2478; x_wconf 80' lang='lat' dir='ltr'>dulcissimum</span> <span class='ocrx_word' id='word_1_213' title='bbox 333 2414 388 2478; x_wconf 91' lang='lat' dir='ltr'>est.</span> <span class='ocrx_word' id='word_1_214' title='bbox 1212 2495 1216 2502; x_wconf 18' lang='lat'><strong>⁴</strong></span> 
     </span>
     <span class='ocr_line' id='line_1_26' title="bbox 118 2499 1218 2588; baseline 0.005 -25"><span class='ocrx_word' id='word_1_215' title='bbox 118 2555 121 2563; x_wconf 92' lang='lat'><em>.</em></span> <span class='ocrx_word' id='word_1_216' title='bbox 160 2500 280 2566; x_wconf 85' lang='lat' dir='ltr'>XXIV.</span> <span class='ocrx_word' id='word_1_217' title='bbox 309 2501 372 2565; x_wconf 80' lang='lat' dir='ltr'>sed</span> <span class='ocrx_word' id='word_1_218' title='bbox 400 2509 469 2566; x_wconf 76' lang='lat' dir='ltr'>clm</span> <span class='ocrx_word' id='word_1_219' title='bbox 482 2514 530 2571; x_wconf 88' lang='lat' dir='ltr'>tot</span> <span class='ocrx_word' id='word_1_220' title='bbox 551 2503 641 2588; x_wconf 82' lang='lat' dir='ltr'>signis</span> <span class='ocrx_word' id='word_1_221' title='bbox 669 2503 776 2566; x_wconf 89' lang='lat' dir='ltr'>eadem</span> <span class='ocrx_word' id='word_1_222' title='bbox 789 2515 896 2572; x_wconf 76' lang='lat' dir='ltr'>natum</span> <span class='ocrx_word' id='word_1_223' title='bbox 919 2503 1061 2582; x_wconf 88' lang='lat' dir='ltr'>declaret,</span> <span class='ocrx_word' id='word_1_224' title='bbox 1079 2499 1218 2587; x_wconf 72' lang='lat' dir='ltr'>quidve·</span> 
     </span>
     <span class='ocr_line' id='line_1_27' title="bbox 115 2588 1216 2673; baseline 0.003 -22"><span class='ocrx_word' id='word_1_225' title='bbox 115 2589 164 2665; x_wconf 91' lang='lat' dir='ltr'>lit,</span> <span class='ocrx_word' id='word_1_226' title='bbox 186 2590 335 2673; x_wconf 90' lang='lat' dir='ltr'>anquirat,</span> <span class='ocrx_word' id='word_1_227' title='bbox 365 2589 524 2666; x_wconf 79' lang='lat' dir='ltr'>desideret3</span> <span class='ocrx_word' id='word_1_228' title='bbox 544 2588 784 2653; x_wconf 80' lang='lat' dir='ltr'>obsurdescimus</span> <span class='ocrx_word' id='word_1_229' title='bbox 805 2602 906 2654; x_wconf 90' lang='lat' dir='ltr'>tamen</span> <span class='ocrx_word' id='word_1_230' title='bbox 926 2589 1216 2673; x_wconf 79' lang='lat' dir='ltr'>nescioquomodb;</span> 
     </span>
     <span class='ocr_line' id='line_1_28' title="bbox 114 2675 1216 2760; baseline 0.005 -23"><span class='ocrx_word' id='word_1_231' title='bbox 114 2696 174 2738; x_wconf 89' lang='lat' dir='ltr'>nec</span> <span class='ocrx_word' id='word_1_232' title='bbox 199 2699 245 2753; x_wconf 90' lang='lat' dir='ltr'>ea,</span> <span class='ocrx_word' id='word_1_233' title='bbox 271 2687 340 2760; x_wconf 79' lang='lat' dir='ltr'>quae</span> <span class='ocrx_word' id='word_1_234' title='bbox 365 2678 403 2740; x_wconf 90' lang='lat' dir='ltr'>ab</span> <span class='ocrx_word' id='word_1_235' title='bbox 432 2685 466 2741; x_wconf 65' lang='lat' dir='ltr'>es</span> <span class='ocrx_word' id='word_1_236' title='bbox 495 2696 667 2754; x_wconf 88' lang='lat' dir='ltr'>monemur,</span> <span class='ocrx_word' id='word_1_237' title='bbox 696 2677 854 2740; x_wconf 85' lang='lat' dir='ltr'>audimus?</span> <span class='ocrx_word' id='word_1_238' title='bbox 881 2675 925 2739; x_wconf 89' lang='lat' dir='ltr'>est</span> <span class='ocrx_word' id='word_1_239' title='bbox 954 2677 1035 2740; x_wconf 91' lang='lat' dir='ltr'>enim</span> <span class='ocrx_word' id='word_1_240' title='bbox 1065 2679 1164 2740; x_wconf 85' lang='lat' dir='ltr'>varius</span> <span class='ocrx_word' id='word_1_241' title='bbox 1180 2681 1216 2743; x_wconf 56' lang='grc' dir='ltr'>ὅτ,</span> 
     </span>
     <span class='ocr_line' id='line_1_29' title="bbox 113 2763 1257 2848; baseline 0.002 -24"><span class='ocrx_word' id='word_1_242' title='bbox 113 2763 276 2848; x_wconf 82' lang='lat' dir='ltr'>multiplex</span> <span class='ocrx_word' id='word_1_243' title='bbox 298 2763 368 2828; x_wconf 90' lang='lat' dir='ltr'>usus</span> <span class='ocrx_word' id='word_1_244' title='bbox 389 2765 541 2841; x_wconf 85' lang='lat' dir='ltr'>amicitiae,</span> <span class='ocrx_word' id='word_1_245' title='bbox 562 2766 728 2847; x_wconf 87' lang='lat' dir='ltr'>multaeque</span> <span class='ocrx_word' id='word_1_246' title='bbox 754 2763 849 2827; x_wconf 89' lang='lat' dir='ltr'>causae</span> <span class='ocrx_word' id='word_1_247' title='bbox 861 2763 1063 2848; x_wconf 89' lang='lat' dir='ltr'>suspicionum</span> <span class='ocrx_word' id='word_1_248' title='bbox 1077 2766 1215 2828; x_wconf 83' lang='lat' dir='ltr'>offenfio-</span> <span class='ocrx_word' id='word_1_249' title='bbox 1253 2809 1257 2821; x_wconf 57' lang='grc'>,</span> 
     </span>
     <span class='ocr_line' id='line_1_30' title="bbox 116 2851 1258 2936; baseline 0.005 -25"><span class='ocrx_word' id='word_1_250' title='bbox 116 2853 480 2936; x_wconf 87' lang='lat' dir='ltr'>numquedautur:quas</span> <span class='ocrx_word' id='word_1_251' title='bbox 500 2866 567 2915; x_wconf 92' lang='lat' dir='ltr'>tum</span> <span class='ocrx_word' id='word_1_252' title='bbox 582 2852 704 2928; x_wconf 88' lang='lat' dir='ltr'>evitare,</span> <span class='ocrx_word' id='word_1_253' title='bbox 727 2867 794 2913; x_wconf 91' lang='lat' dir='ltr'>tum</span> <span class='ocrx_word' id='word_1_254' title='bbox 809 2853 935 2927; x_wconf 86' lang='lat' dir='ltr'>elevare,</span> <span class='ocrx_word' id='word_1_255' title='bbox 964 2865 1030 2914; x_wconf 92' lang='lat' dir='ltr'>tum</span> <span class='ocrx_word' id='word_1_256' title='bbox 1058 2851 1148 2929; x_wconf 86' lang='lat' dir='ltr'>serre,</span> <span class='ocrx_word' id='word_1_257' title='bbox 1171 2852 1258 2917; x_wconf 79' lang='lat' dir='ltr'>sal-5</span> 
     </span>
     <span class='ocr_line' id='line_1_31' title="bbox 111 2936 1216 3020; baseline 0.004 -22"><span class='ocrx_word' id='word_1_258' title='bbox 111 2936 225 3020; x_wconf 86' lang='lat' dir='ltr'>pientia</span> <span class='ocrx_word' id='word_1_259' title='bbox 253 2939 310 3002; x_wconf 85' lang='lat' dir='ltr'>est:</span> <span class='ocrx_word' id='word_1_260' title='bbox 339 2961 400 3002; x_wconf 90' lang='lat' dir='ltr'>una</span> <span class='ocrx_word' id='word_1_261' title='bbox 419 2940 470 3002; x_wconf 89' lang='lat' dir='ltr'>illa</span> <span class='ocrx_word' id='word_1_262' title='bbox 494 2938 674 3002; x_wconf 83' lang='lat' dir='ltr'>sublevanda</span> <span class='ocrx_word' id='word_1_263' title='bbox 693 2938 816 3001; x_wconf 85' lang='lat' dir='ltr'>offenfio</span> <span class='ocrx_word' id='word_1_264' title='bbox 840 2938 895 3013; x_wconf 87' lang='lat' dir='ltr'>est,</span> <span class='ocrx_word' id='word_1_265' title='bbox 907 2953 942 3001; x_wconf 95' lang='lat' dir='ltr'>ut</span> <span class='ocrx_word' id='word_1_266' title='bbox 959 2941 988 3002; x_wconf 88' lang='lat'>&amp;</span> <span class='ocrx_word' id='word_1_267' title='bbox 1007 2939 1115 3002; x_wconf 88' lang='lat' dir='ltr'>ueritas</span> <span class='ocrx_word' id='word_1_268' title='bbox 1140 2941 1172 3003; x_wconf 94' lang='lat' dir='ltr'>in</span> <span class='ocrx_word' id='word_1_269' title='bbox 1184 2963 1216 3002; x_wconf 93' lang='lat' dir='ltr'>a-</span> 
     </span>
     <span class='ocr_line' id='line_1_32' title="bbox 112 3023 1216 3108; baseline 0.002 -20"><span class='ocrx_word' id='word_1_270' title='bbox 112 3023 242 3100; x_wconf 75' lang='lat' dir='ltr'>micitiai,</span> <span class='ocrx_word' id='word_1_271' title='bbox 274 3029 304 3089; x_wconf 87' lang='lat'>&amp;</span> <span class='ocrx_word' id='word_1_272' title='bbox 332 3025 409 3092; x_wconf 87' lang='lat' dir='ltr'>fides</span> <span class='ocrx_word' id='word_1_273' title='bbox 432 3027 610 3103; x_wconf 80' lang='lat' dir='ltr'>retineatu13</span> <span class='ocrx_word' id='word_1_274' title='bbox 640 3047 712 3088; x_wconf 89' lang='lat' dir='ltr'>nam</span> <span class='ocrx_word' id='word_1_275' title='bbox 741 3023 930 3090; x_wconf 88' lang='lat' dir='ltr'>&amp;monendi</span> <span class='ocrx_word' id='word_1_276' title='bbox 941 3025 1030 3088; x_wconf 90' lang='lat' dir='ltr'>amici</span> <span class='ocrx_word' id='word_1_277' title='bbox 1048 3025 1124 3108; x_wconf 88' lang='lat' dir='ltr'>saepe</span> <span class='ocrx_word' id='word_1_278' title='bbox 1133 3027 1216 3100; x_wconf 87' lang='lat' dir='ltr'>suut,</span> 
     </span>
     <span class='ocr_line' id='line_1_33' title="bbox 113 3111 1213 3197; baseline 0.002 -23"><span class='ocrx_word' id='word_1_279' title='bbox 113 3113 149 3174; x_wconf 68' lang='grc' dir='ltr'>ἃ</span> <span class='ocrx_word' id='word_1_280' title='bbox 179 3111 374 3196; x_wconf 85' lang='lat' dir='ltr'>objurgandi:</span> <span class='ocrx_word' id='word_1_281' title='bbox 405 3117 436 3178; x_wconf 72' lang='grc' dir='ltr'>δι</span> <span class='ocrx_word' id='word_1_282' title='bbox 462 3112 528 3177; x_wconf 76' lang='lat' dir='ltr'>haec</span> <span class='ocrx_word' id='word_1_283' title='bbox 553 3114 727 3197; x_wconf 87' lang='lat' dir='ltr'>accipienda</span> <span class='ocrx_word' id='word_1_284' title='bbox 742 3113 848 3190; x_wconf 74' lang='lat' dir='ltr'>amice,</span> <span class='ocrx_word' id='word_1_285' title='bbox 870 3116 938 3174; x_wconf 76' lang='lat' dir='ltr'>clim</span> <span class='ocrx_word' id='word_1_286' title='bbox 955 3112 1099 3178; x_wconf 80' lang='lat' dir='ltr'>benevole</span> <span class='ocrx_word' id='word_1_287' title='bbox 1125 3112 1213 3177; x_wconf 90' lang='lat' dir='ltr'>fiunt.</span> 
     </span>
     <span class='ocr_line' id='line_1_34' title="bbox 110 3197 1214 3285; baseline 0.007 -27"><span class='ocrx_word' id='word_1_288' title='bbox 110 3197 178 3259; x_wconf 83' lang='lat' dir='ltr'>Sed</span> <span class='ocrx_word' id='word_1_289' title='bbox 186 3197 286 3261; x_wconf 87' lang='lat' dir='ltr'>nescio</span> <span class='ocrx_word' id='word_1_290' title='bbox 301 3201 455 3281; x_wconf 83' lang='lat' dir='ltr'>quomodo</span> <span class='ocrx_word' id='word_1_291' title='bbox 483 3222 588 3264; x_wconf 85' lang='lat' dir='ltr'>verum</span> <span class='ocrx_word' id='word_1_292' title='bbox 604 3200 659 3277; x_wconf 89' lang='lat' dir='ltr'>est,</span> <span class='ocrx_word' id='word_1_293' title='bbox 678 3201 764 3285; x_wconf 80' lang='lat' dir='ltr'>qrrpd</span> <span class='ocrx_word' id='word_1_294' title='bbox 785 3200 817 3263; x_wconf 90' lang='lat' dir='ltr'>in</span> <span class='ocrx_word' id='word_1_295' title='bbox 832 3199 948 3264; x_wconf 73' lang='lat' dir='ltr'>Andrias</span> <span class='ocrx_word' id='word_1_296' title='bbox 961 3199 1116 3262; x_wconf 81' lang='lat' dir='ltr'>familiaris</span> <span class='ocrx_word' id='word_1_297' title='bbox 1127 3221 1214 3266; x_wconf 84' lang='lat' dir='ltr'>meus</span> 
     </span>
     <span class='ocr_line' id='line_1_35' title="bbox 112 3283 1257 3352; baseline 0.005 -6"><span class='ocrx_word' id='word_1_298' title='bbox 112 3283 203 3347; x_wconf 84' lang='lat' dir='ltr'>dicit:</span> <span class='ocrx_word' id='word_1_299' title='bbox 474 3319 483 3338; x_wconf 66' lang='grc' dir='ltr'>ν</span> <span class='ocrx_word' id='word_1_300' title='bbox 1217 3296 1257 3352; x_wconf 91' lang='grc'>10</span> 
     </span>
     <span class='ocr_line' id='line_1_36' title="bbox 334 3374 945 3462; baseline -0.002 -24"><span class='ocrx_word' id='word_1_301' title='bbox 334 3374 497 3462; x_wconf 79' lang='lat' dir='ltr'>Obsequium</span> <span class='ocrx_word' id='word_1_302' title='bbox 510 3377 744 3452; x_wconf 60' lang='lat' dir='ltr'>animaverint</span> <span class='ocrx_word' id='word_1_303' title='bbox 756 3377 847 3440; x_wconf 84' lang='lat' dir='ltr'>odium</span> <span class='ocrx_word' id='word_1_304' title='bbox 855 3378 945 3459; x_wconf 85' lang='lat' dir='ltr'>parit.</span> 
     </span>
     <span class='ocr_line' id='line_1_37' title="bbox 109 3459 1215 3546; baseline 0.003 -21"><span class='ocrx_word' id='word_1_305' title='bbox 109 3459 246 3525; x_wconf 87' lang='lat' dir='ltr'>Molesta</span> <span class='ocrx_word' id='word_1_306' title='bbox 263 3461 383 3538; x_wconf 80' lang='lat' dir='ltr'>ueritas,</span> <span class='ocrx_word' id='word_1_307' title='bbox 405 3463 426 3524; x_wconf 90' lang='lat' dir='ltr'>si</span> <span class='ocrx_word' id='word_1_308' title='bbox 452 3462 577 3545; x_wconf 91' lang='lat' dir='ltr'>quidem</span> <span class='ocrx_word' id='word_1_309' title='bbox 598 3485 637 3525; x_wconf 83' lang='lat' dir='ltr'>ex</span> <span class='ocrx_word' id='word_1_310' title='bbox 658 3469 693 3526; x_wconf 69' lang='lat' dir='ltr'>ed</span> <span class='ocrx_word' id='word_1_311' title='bbox 722 3463 852 3528; x_wconf 90' lang='lat' dir='ltr'>nascitur</span> <span class='ocrx_word' id='word_1_312' title='bbox 866 3463 982 3538; x_wconf 89' lang='lat' dir='ltr'>odium,</span> <span class='ocrx_word' id='word_1_313' title='bbox 1005 3463 1088 3546; x_wconf 92' lang='lat' dir='ltr'>quod</span> <span class='ocrx_word' id='word_1_314' title='bbox 1109 3461 1153 3526; x_wconf 88' lang='lat' dir='ltr'>est</span> <span class='ocrx_word' id='word_1_315' title='bbox 1163 3486 1215 3528; x_wconf 81' lang='lat' dir='ltr'>ve·</span> 
     </span>
     <span class='ocr_line' id='line_1_38' title="bbox 109 3548 1212 3634; baseline 0.006 -25"><span class='ocrx_word' id='word_1_316' title='bbox 109 3569 229 3610; x_wconf 90' lang='lat' dir='ltr'>nenum</span> <span class='ocrx_word' id='word_1_317' title='bbox 244 3549 398 3626; x_wconf 61' lang='lat' dir='ltr'>amicitiam</span> <span class='ocrx_word' id='word_1_318' title='bbox 424 3548 476 3612; x_wconf 90' lang='lat' dir='ltr'>sed</span> <span class='ocrx_word' id='word_1_319' title='bbox 494 3549 673 3632; x_wconf 88' lang='lat' dir='ltr'>obsequium</span> <span class='ocrx_word' id='word_1_320' title='bbox 687 3552 786 3614; x_wconf 90' lang='lat' dir='ltr'>multo</span> <span class='ocrx_word' id='word_1_321' title='bbox 800 3549 966 3625; x_wconf 88' lang='lat' dir='ltr'>molestius,</span> <span class='ocrx_word' id='word_1_322' title='bbox 996 3551 1078 3633; x_wconf 92' lang='lat' dir='ltr'>quod</span> <span class='ocrx_word' id='word_1_323' title='bbox 1102 3573 1212 3634; x_wconf 88' lang='lat' dir='ltr'>pecca-</span> 
     </span>
     <span class='ocr_line' id='line_1_39' title="bbox 106 3633 1254 3721; baseline 0.003 -23"><span class='ocrx_word' id='word_1_324' title='bbox 106 3633 152 3698; x_wconf 80' lang='lat' dir='ltr'>tis</span> <span class='ocrx_word' id='word_1_325' title='bbox 164 3636 336 3720; x_wconf 87' lang='lat' dir='ltr'>indulgens,</span> <span class='ocrx_word' id='word_1_326' title='bbox 347 3637 533 3721; x_wconf 83' lang='lat' dir='ltr'>praecipitem</span> <span class='ocrx_word' id='word_1_327' title='bbox 547 3636 680 3700; x_wconf 87' lang='lat' dir='ltr'>amicum</span> <span class='ocrx_word' id='word_1_328' title='bbox 700 3637 772 3700; x_wconf 89' lang='lat' dir='ltr'>serri</span> <span class='ocrx_word' id='word_1_329' title='bbox 788 3639 868 3714; x_wconf 72' lang='lat' dir='ltr'>linit,</span> <span class='ocrx_word' id='word_1_330' title='bbox 884 3637 1131 3700; x_wconf 80' lang='lat' dir='ltr'>maxima&#39;autem</span> <span class='ocrx_word' id='word_1_331' title='bbox 1147 3641 1213 3702; x_wconf 91' lang='lat' dir='ltr'>cul·</span> <span class='ocrx_word' id='word_1_332' title='bbox 1250 3675 1254 3688; x_wconf 74' lang='lat'><em>·</em></span> 
     </span>
     <span class='ocr_line' id='line_1_40' title="bbox 107 3719 1257 3809; baseline 0.008 -28"><span class='ocrx_word' id='word_1_333' title='bbox 107 3721 199 3804; x_wconf 86' lang='lat' dir='ltr'>pain</span> <span class='ocrx_word' id='word_1_334' title='bbox 210 3743 247 3786; x_wconf 90' lang='lat' dir='ltr'>eo</span> <span class='ocrx_word' id='word_1_335' title='bbox 257 3719 312 3798; x_wconf 80' lang='lat' dir='ltr'>est,</span> <span class='ocrx_word' id='word_1_336' title='bbox 338 3725 434 3806; x_wconf 85' lang='lat' dir='ltr'>qui&amp;</span> <span class='ocrx_word' id='word_1_337' title='bbox 450 3724 606 3787; x_wconf 87' lang='lat' dir='ltr'>veritatem</span> <span class='ocrx_word' id='word_1_338' title='bbox 620 3723 804 3809; x_wconf 88' lang='lat' dir='ltr'>aspernatur,</span> <span class='ocrx_word' id='word_1_339' title='bbox 829 3729 859 3789; x_wconf 78' lang='grc' dir='ltr'>δε</span> <span class='ocrx_word' id='word_1_340' title='bbox 874 3725 907 3786; x_wconf 90' lang='lat' dir='ltr'>in</span> <span class='ocrx_word' id='word_1_341' title='bbox 920 3724 1058 3788; x_wconf 88' lang='lat' dir='ltr'>sraudem</span> <span class='ocrx_word' id='word_1_342' title='bbox 1068 3725 1210 3806; x_wconf 91' lang='lat' dir='ltr'>obsequio</span> <span class='ocrx_word' id='word_1_343' title='bbox 1219 3733 1257 3790; x_wconf 82' lang='lat'>15</span> 
     </span>
     <span class='ocr_line' id='line_1_41' title="bbox 107 3809 1213 3896; baseline 0.004 -26"><span class='ocrx_word' id='word_1_344' title='bbox 107 3809 290 3891; x_wconf 87' lang='lat' dir='ltr'>impellitur.</span> <span class='ocrx_word' id='word_1_345' title='bbox 335 3809 447 3874; x_wconf 87' lang='lat' dir='ltr'>Omnis</span> <span class='ocrx_word' id='word_1_346' title='bbox 461 3811 554 3896; x_wconf 87' lang='lat' dir='ltr'>igitur</span> <span class='ocrx_word' id='word_1_347' title='bbox 574 3809 631 3875; x_wconf 78' lang='lat' dir='ltr'>hale</span> <span class='ocrx_word' id='word_1_348' title='bbox 657 3809 739 3874; x_wconf 88' lang='lat' dir='ltr'>inre</span> <span class='ocrx_word' id='word_1_349' title='bbox 758 3811 897 3874; x_wconf 83' lang='lat' dir='ltr'>habenda</span> <span class='ocrx_word' id='word_1_350' title='bbox 918 3813 994 3875; x_wconf 88' lang='lat' dir='ltr'>ratio</span> <span class='ocrx_word' id='word_1_351' title='bbox 1011 3812 1213 3896; x_wconf 76' lang='lat' dir='ltr'>&amp;diligentia</span> 
     </span>
     <span class='ocr_line' id='line_1_42' title="bbox 107 3893 1215 3984; baseline 0.002 -27"><span class='ocrx_word' id='word_1_352' title='bbox 107 3893 157 3957; x_wconf 90' lang='lat' dir='ltr'>est</span> <span class='ocrx_word' id='word_1_353' title='bbox 178 3896 321 3979; x_wconf 79' lang='lat' dir='ltr'>primltm,</span> <span class='ocrx_word' id='word_1_354' title='bbox 344 3909 379 3958; x_wconf 91' lang='lat' dir='ltr'>ut</span> <span class='ocrx_word' id='word_1_355' title='bbox 403 3899 531 3962; x_wconf 91' lang='lat' dir='ltr'>monitio</span> <span class='ocrx_word' id='word_1_356' title='bbox 552 3900 724 3975; x_wconf 87' lang='lat' dir='ltr'>acerbitate,</span> <span class='ocrx_word' id='word_1_357' title='bbox 749 3899 859 3962; x_wconf 87' lang='lat' dir='ltr'>deinde</span> <span class='ocrx_word' id='word_1_358' title='bbox 885 3911 919 3962; x_wconf 92' lang='lat' dir='ltr'>ut</span> <span class='ocrx_word' id='word_1_359' title='bbox 947 3899 1116 3984; x_wconf 85' lang='lat' dir='ltr'>objurgatio</span> <span class='ocrx_word' id='word_1_360' title='bbox 1142 3919 1215 3960; x_wconf 92' lang='lat' dir='ltr'>con-</span> 
     </span>
     <span class='ocr_line' id='line_1_43' title="bbox 107 3981 1214 4069; baseline 0.005 -26"><span class='ocrx_word' id='word_1_361' title='bbox 107 3981 238 4045; x_wconf 61' lang='lat' dir='ltr'>tumeli‘a</span> <span class='ocrx_word' id='word_1_362' title='bbox 255 3995 367 4045; x_wconf 86' lang='lat' dir='ltr'>careat:</span> <span class='ocrx_word' id='word_1_363' title='bbox 389 3983 421 4046; x_wconf 90' lang='lat' dir='ltr'>in</span> <span class='ocrx_word' id='word_1_364' title='bbox 447 3984 590 4069; x_wconf 92' lang='lat' dir='ltr'>obsequio</span> <span class='ocrx_word' id='word_1_365' title='bbox 616 4002 729 4062; x_wconf 88' lang='lat' dir='ltr'>autem,</span> <span class='ocrx_word' id='word_1_366' title='bbox 755 3986 900 4068; x_wconf 90' lang='lat' dir='ltr'>quoniam</span> <span class='ocrx_word' id='word_1_367' title='bbox 917 3985 1103 4048; x_wconf 88' lang='lat' dir='ltr'>Terentiano</span> <span class='ocrx_word' id='word_1_368' title='bbox 1121 3984 1214 4063; x_wconf 83' lang='lat' dir='ltr'>verbo</span> 
     </span>
     <span class='ocr_line' id='line_1_44' title="bbox 105 4067 1215 4156; baseline 0.002 -24"><span class='ocrx_word' id='word_1_369' title='bbox 105 4067 252 4132; x_wconf 82' lang='lat' dir='ltr'>lubenter</span> <span class='ocrx_word' id='word_1_370' title='bbox 267 4070 392 4145; x_wconf 87' lang='lat' dir='ltr'>utimur,</span> <span class='ocrx_word' id='word_1_371' title='bbox 403 4071 530 4136; x_wconf 85' lang='lat' dir='ltr'>comitas</span> <span class='ocrx_word' id='word_1_372' title='bbox 540 4071 628 4147; x_wconf 71' lang='lat' dir='ltr'>adsit,</span> <span class='ocrx_word' id='word_1_373' title='bbox 643 4073 807 4151; x_wconf 88' lang='lat' dir='ltr'>assentatio,</span> <span class='ocrx_word' id='word_1_374' title='bbox 826 4073 968 4136; x_wconf 84' lang='lat' dir='ltr'>vitiorum</span> <span class='ocrx_word' id='word_1_375' title='bbox 979 4070 1121 4156; x_wconf 86' lang='lat' dir='ltr'>adjutrix,</span> <span class='ocrx_word' id='word_1_376' title='bbox 1144 4092 1215 4156; x_wconf 91' lang='lat' dir='ltr'>pro-</span> 
     </span>
     <span class='ocr_line' id='line_1_45' title="bbox 101 4154 1257 4241; baseline 0.005 -23"><span class='ocrx_word' id='word_1_377' title='bbox 101 4154 165 4218; x_wconf 79' lang='lat' dir='ltr'>cul</span> <span class='ocrx_word' id='word_1_378' title='bbox 187 4170 374 4220; x_wconf 81' lang='lat' dir='ltr'>amoveatur:</span> <span class='ocrx_word' id='word_1_379' title='bbox 399 4177 468 4240; x_wconf 84' lang='lat' dir='ltr'>qnae</span> <span class='ocrx_word' id='word_1_380' title='bbox 496 4179 560 4222; x_wconf 90' lang='lat' dir='ltr'>non</span> <span class='ocrx_word' id='word_1_381' title='bbox 582 4157 676 4221; x_wconf 78' lang='lat' dir='ltr'>modo</span> <span class='ocrx_word' id='word_1_382' title='bbox 695 4159 805 4236; x_wconf 91' lang='lat' dir='ltr'>amico,</span> <span class='ocrx_word' id='word_1_383' title='bbox 834 4159 945 4224; x_wconf 88' lang='lat' dir='ltr'>sedne</span> <span class='ocrx_word' id='word_1_384' title='bbox 970 4158 1065 4221; x_wconf 90' lang='lat' dir='ltr'>libero</span> <span class='ocrx_word' id='word_1_385' title='bbox 1084 4157 1257 4241; x_wconf 73' lang='lat' dir='ltr'>quidem20</span> 
     </span>
     <span class='ocr_line' id='line_1_46' title="bbox 101 4241 1213 4332; baseline 0.004 -28"><span class='ocrx_word' id='word_1_386' title='bbox 101 4241 205 4326; x_wconf 83' lang='lat' dir='ltr'>digna</span> <span class='ocrx_word' id='word_1_387' title='bbox 223 4241 280 4306; x_wconf 84' lang='lat' dir='ltr'>est:</span> <span class='ocrx_word' id='word_1_388' title='bbox 305 4243 390 4308; x_wconf 85' lang='lat' dir='ltr'>aliter</span> <span class='ocrx_word' id='word_1_389' title='bbox 409 4243 491 4306; x_wconf 88' lang='lat' dir='ltr'>enim</span> <span class='ocrx_word' id='word_1_390' title='bbox 510 4267 583 4309; x_wconf 91' lang='lat' dir='ltr'>cum</span> <span class='ocrx_word' id='word_1_391' title='bbox 607 4260 746 4332; x_wconf 84' lang='lat' dir='ltr'>tyranno,</span> <span class='ocrx_word' id='word_1_392' title='bbox 776 4248 860 4310; x_wconf 89' lang='lat' dir='ltr'>aliter</span> <span class='ocrx_word' id='word_1_393' title='bbox 881 4267 953 4310; x_wconf 92' lang='lat' dir='ltr'>cum</span> <span class='ocrx_word' id='word_1_394' title='bbox 973 4245 1070 4308; x_wconf 89' lang='lat' dir='ltr'>arnico</span> <span class='ocrx_word' id='word_1_395' title='bbox 1091 4245 1213 4316; x_wconf 80' lang='lat' dir='ltr'>vivitur.</span> 
     </span>
     <span class='ocr_line' id='line_1_47' title="bbox 99 4326 1328 4418; baseline 0.003 -22"><span class='ocrx_word' id='word_1_396' title='bbox 99 4326 212 4418; x_wconf 72' lang='lat' dir='ltr'>¹Cujus</span> <span class='ocrx_word' id='word_1_397' title='bbox 240 4342 344 4397; x_wconf 86' lang='lat' dir='ltr'>autern</span> <span class='ocrx_word' id='word_1_398' title='bbox 363 4352 451 4400; x_wconf 83' lang='lat' dir='ltr'>aures</span> <span class='ocrx_word' id='word_1_399' title='bbox 468 4332 586 4399; x_wconf 82' lang='lat' dir='ltr'>veritati</span> <span class='ocrx_word' id='word_1_400' title='bbox 602 4333 709 4402; x_wconf 78' lang='lat' dir='ltr'>clausas</span> <span class='ocrx_word' id='word_1_401' title='bbox 721 4334 800 4416; x_wconf 90' lang='lat' dir='ltr'>sunt,</span> <span class='ocrx_word' id='word_1_402' title='bbox 824 4349 858 4402; x_wconf 92' lang='lat' dir='ltr'>ut</span> <span class='ocrx_word' id='word_1_403' title='bbox 879 4333 917 4402; x_wconf 85' lang='lat' dir='ltr'>ab</span> <span class='ocrx_word' id='word_1_404' title='bbox 928 4333 1025 4401; x_wconf 88' lang='lat' dir='ltr'>amico</span> <span class='ocrx_word' id='word_1_405' title='bbox 1042 4354 1148 4404; x_wconf 83' lang='lat' dir='ltr'>uerum</span> <span class='ocrx_word' id='word_1_406' title='bbox 1160 4355 1216 4404; x_wconf 58' lang='lat' dir='ltr'>aur</span> <span class='ocrx_word' id='word_1_407' title='bbox 1324 4393 1328 4400; x_wconf 94' lang='grc'><em>,</em></span> 
     </span>
    </p>
   </div>
   <div class='ocr_carea' id='block_1_3' title="bbox 0 0 1418 4775">
    <p class='ocr_par' dir='ltr' id='par_1_3' title="bbox 0 0 1418 4775">
     <span class='ocr_line' id='line_1_48' title="bbox 0 0 1418 4775; baseline 0 6"><span class='ocrx_word' id='word_1_408' title='bbox 0 0 1418 4775; x_wconf 95' lang='lat' dir='ltr'> </span> 
     </span>
    </p>
   </div>
  </div>
 </body>
</html>
