2825 4775
492 616 578 671 omo
594 622 855 679 nouasosssiuo
984 595 1007 598 U
1123 589 1133 594 ⁸
1211 692 1218 707 ¹

246 790 523 901 SAMUELI
537 823 588 902 c.
609 766 931 921 niceana,
951 830 1014 909 M.
1035 832 1086 909 n.

83 1063 171 1140 Soc.
196 1062 300 1170 Re'g.
322 1061 437 1145 Edin.
460 1082 497 1145 et
513 1066 613 1149 Phil.
633 1079 730 1149 Am.
752 1070 841 1149 Sod.
864 1071 1069 1180 Conciliiq.
1087 1074 1238 1155 Publici

191 1195 280 1278 Civ.
298 1199 408 1279 Foed.
424 1208 517 1281 Am.
537 1208 610 1281 Pro
624 1208 739 1283 Novo
755 1208 932 1287 Eboraco
947 1210 1134 1303 Consorti,

480 1404 485 1417 '
567 1426 610 1507 s.
633 1428 682 1506 P.
704 1428 787 1542 D..

253 1642 659 1725 M1L00LUMssus
688 1612 1062 1730 CAMPBELLiJS.

495 1906 817 1955 «ιω-»-
911 1966 914 1972 ,

205 2106 235 2186 Ῑ
234 2124 274 2189 Ν
283 2124 356 2188 hisce
369 2126 531 2191 civitatibus
545 2129 657 2204 nostris,
678 2130 801 2191 omnium
808 2129 946 2217 fortasse,
968 2154 1028 2215 que
1041 2134 1090 2196 vel
1100 2134 1165 2197 ohm
1179 2158 1228 2197 ne·

71 2238 193 2313 nomn,
217 2236 486 2331 mosomensem,
508 2237 605 2317 optime
625 2214 791 2313 nicini,
811 2238 974 2315 oomnis,
994 2250 1023 2301 a
1037 2240 1230 2327 felicissimis,

66 2348 170 2430 patrie
183 2346 281 2436 reique
288 2344 405 2437 publice
418 2344 576 2408 amantibus
585 2358 755 2431 pergratm
768 2367 825 2408 esse
836 2358 947 2431 oportet,
960 2370 1051 2412 omnes
1057 2348 1128 2438 sere
1141 2362 1229 2427 artes,

67 2469 125 2520 tam
149 2461 302 2542 ingenuas,
318 2479 402 2540 quam
417 2460 572 2540 operarios,
593 2457 694 2536 studio,
716 2459 837 2536 solertia,
859 2473 886 2520 et
899 2459 1052 2522 celebritate
1070 2461 1120 2522 coli
1139 2461 1229 2525 indies

69 2567 289 2652 augescentibus.
335 2565 521 2630 Scientiarum
534 2577 627 2628 autem
642 2566 810 2643 liberalium,
823 2579 851 2627 et
865 2567 1014 2629 literarum
1029 2565 1226 2630 humaniorum

67 2675 199 2739 studiosis
212 2699 326 2744 summe
335 2687 379 2738 est
391 2699 476 2738 consa
487 2675 697 2762 gratulationis,
711 2673 785 2758 qnod
795 2676 870 2736 inter
886 2687 997 2738 ceteras
1011 2677 1132 2739 monime
1143 2677 1228 2740 enitet

66 2787 95 2850 T
85 2787 242 2873 ypograpia
246 2820 258 2858 ‚·
286 2785 489 2873 Typographio!
514 2809 569 2882 quo
584 2799 636 2848 non
654 2785 712 2847 alia
724 2785 871 2869 pulchrior
890 2798 942 2850 acet
954 2785 1087 2875 ffcocior
1099 2810 1224 2872 unquam

64 2897 98 2958 ob
118 2895 279 2959 homenibus
298 2898 415 2959 inventa
435 2908 487 2973 est,
508 2894 548 2958 ad
566 2897 673 2958 artium
695 2907 723 2956 et
738 2895 917 2958 scientiarum
940 2896 1096 2959 liberalium
1114 2897 1223 2960 lumino

62 3007 138 3070 almo
149 3006 345 3090 salutariaque
357 3006 434 3092 longe
441 3007 548 3090 lateque
557 3005 758 3094 dffundcnda:
772 3005 807 3067 ab
814 3004 967 3069 hominibus
976 3019 1069 3070 autem
1078 3009 1221 3070 inventa?

23 3106 114 3190 ⁸⁴'imo
127 3138 198 3178 uero
213 3113 352 3178 divissitus
375 3117 538 3200 excogitato,
575 3127 608 3177 nt
626 3117 685 3200 ejus
699 3113 803 3177 auxilio
824 3112 901 3178 heo!
937 3115 1021 3177 nimis
1038 3114 1129 3193 tardo,
1160 3139 1221 3180 sors

58 3225 197 3302 humana,
207 3225 257 3288 diu
273 3227 366 3289 tristis
379 3239 406 3288 ct
421 3241 557 3308 oppressa,
572 3224 685 3287 tandem
698 3224 847 3308 aliqnando
860 3249 879 3287 a
893 3225 1031 3288 barbariae
1043 3238 1071 3288 et
1084 3227 1217 3311 ignorem

56 3337 105 3398 tia
118 3335 306 3398 dominacione
314 3335 403 3398 atroci
425 3337 456 3414 in
469 3333 652 3396 humanitatis
661 3345 687 3396 et
700 3333 821 3396 scientioe
834 3333 987 3396 libertatem
996 3349 1067 3417 pene
1084 3333 1214 3400 divinam

60 3444 269 3511 vindicaretur.
324 3443 395 3506 Hac
408 3466 459 3506 ars
471 3441 548 3528 apud
560 3455 694 3504 nostrates
705 3445 776 3528 jam
789 3465 817 3504 eo
831 3443 1008 3530 pefictionis
1016 3442 1153 3526 perducta
1166 3453 1219 3524 est,

57 3567 88 3620 nt
98 3555 177 3618 nibil
181 3553 325 3637 bibliopola
335 3577 387 3616 non
391 3565 557 3638 proponant,
566 3552 640 3615 nihil
649 3553 677 3615 T
668 3551 819 3638 ypogrophi
828 3575 882 3614 non
891 3566 1074 3637 exequantur,
1088 3555 1160 3638 qued
1172 3553 1223 3616 vel

58 3665 98 3726 nd
120 3665 276 3727 utilitatem
290 3663 338 3726 vel
350 3662 389 3725 ad
401 3675 592 3726 ornamentum
597 3663 749 3748 pertineat.
796 3660 851 3724 Sed
861 3664 921 3746 ejus
940 3659 1057 3748 opfieia,
1079 3675 1217 3747 utcunque

58 3776 117 3836 sint
130 3773 225 3836 nitida
245 3783 273 3835 et
285 3773 433 3857 elegantia,
455 3795 509 3834 non
522 3774 593 3834 satis
606 3783 647 3834 est
660 3759 739 3872 otiose
752 3771 940 3854 contemplari,
962 3793 1047 3856 neque
1068 3773 1151 3834 tacite
1163 3771 1217 3833 od·

56 3888 172 3949 mirari.
221 3885 264 3950 Ut
280 3886 394 3947 solertia
403 3879 532 3968 operarie
558 3883 706 3948 literarum
729 3881 841 3959 auicolae
868 3881 989 3958 accedat,
1019 3883 1062 3945 rei
1084 3883 1217 3947 literaria

54 3994 140 4058 dediti
157 3995 208 4058 uel
222 3996 276 4078 ‘psi
301 3983 498 4078 nonnunquam
528 4015 643 4057 manum
668 3991 834 4080 adjutricem
861 3991 1009 4056 adhibeant
1029 4005 1140 4078 oportm
1169 4005 1222 4073 uel

55 4107 121 4170 aliis
133 4105 327 4170 adhibentibus
348 4107 571 4189 patrocinentur.
629 4103 701 4168 Hoc
714 4127 777 4168 cum
798 4103 935 4168 nobiscnm
949 4115 1151 4188 reputaremus,
1172 4115 1218 4190 ty-

48 4213 209 4302 pograpbiae
248 4215 438 4280 correctionem
477 4213 552 4277 nobis
578 4214 758 4300 propositam,
792 4213 844 4278 sed
867 4215 927 4301 ejus
943 4213 1081 4297 precipue
1100 4233 1160 4298 que
1183 4211 1217 4274 in
1305 4225 1311 4233 ·

458 4398 684 4482 othones
706 4399 818 4476 'sl-'s
843 4401 875 4462 τὶ
895 4412 905 4443 s
922 4422 926 4439 1
946 4393 966 4456 l·

523 4573 725 4698 {spem
743 4573 805 4650 ,m

12 4646 352 4693 Q„
