2825 4775
284 362 287 367 Ι
353 258 525 335 omno
547 260 638 333 rrto
660 242 999 336 Lanuuinum.
1220 274 1260 336 n

315 420 509 507 quantu
545 422 658 485 Pras
697 402 880 516 urguent
917 424 1016 507 primi.
1148 400 1151 406 ’
1197 414 1202 421 ’

308 572 391 657 Quia
416 589 547 659 aguntur
569 567 699 637 fortunte
728 577 894 639 multorum
912 576 1045 639 'civium
1089 618 1104 635 a
1146 642 1151 653 ‚

165 722 236 785 Vll.
249 722 311 787 ¹Ac
331 747 377 811 ne
396 726 470 791 illud
486 726 609 811 quidem
624 724 709 791 vobis
732 728 947 813 negligendum
965 729 1020 806 est,
1041 730 1126 813 qaod
1139 731 1215 793 mihi
1349 799 1352 807 ,

118 832 177 895 ego
186 815 595 897 extremum'propolueram,
617 814 687 877 citm
704 814 793 878 effem
804 819 842 878 de
856 816 927 889 belli
941 840 1050 902 genere
1065 818 1214 894 disturus,
1259 884 1263 894 ¹
1288 856 1294 875 r

117 900 201 981 quod
227 900 266 963 ad
281 902 447 963 multorum
462 902 538 963 bona
554 903 665 965 civium
688 902 899 966 Romanorum
914 905 1060 986 pertinet:
1083 926 1220 988 quorumv

116 984 201 1048 vobis
217 1008 281 1067 pro¹
298 986 392 1051 vestri
404 988 555 1073 sapientiai,
577 990 725 1075 Quirites,
748 990 884 1053 habenda
898 991 941 1053 est
956 993 1031 1054 ratio
1044 992 1212 1077 diligenter.

115 1070 199 1133 Nam
214 1078 243 1137 δι
255 1075 419 1159 publicani,
430 1076 567 1138 homines
581 1076 814 1140 &honestissimi
831 1082 859 1142 dt
873 1078 1056 1154 ornatissimi‚
1070 1079 1135 1141 fuas
1144 1100 1157 1129 ³
1166 1103 1213 1142 ra-
1235 1090 1255 1147 5

116 1158 215 1223 tiones
233 1166 263 1224 ἃ
280 1163 381 1246 copiae
402 1165 434 1224 in
454 1164 535 1225 illam
551 1166 735 1247 provinciam
755 1147 977 1245 contulerunt(
987 1187 1117 1247 quorum
1136 1166 1214 1249 ipso-

115 1268 185 1309 rum
202 1270 257 1331 per
267 1249 297 1312 fe
312 1272 359 1313 res
377 1254 406 1313 dt
419 1252 549 1313 fortunae
565 1273 644 1313 curae
659 1250 743 1312 vobis
758 1253 814 1314 elle
825 1251 936 1313 debent
946 1256 969 1326 :s
976 1253 1087 1314 etenim
1103 1252 1123 1313 fi
1144 1276 1214 1324 vec÷

114 1336 218 1420 tigalia
238 1358 345 1401 nervos
369 1338 425 1400 elle
440 1339 613 1422 reipublicae
639 1336 949 1421 semperbduximusss,
972 1361 1044 1401 eum
1069 1338 1149 1403 certe
1165 1364 1214 1403 or·
1262 1336 1266 1343 ’

115 1422 232 1499 dinem,
255 1426 309 1507 qui
327 1442 468 1489 cexercet
480 1426 540 1501 illa,
556 1422 781 1487 firmamentum
792 1442 969 1489 caeterorum
978 1430 1119 1489 ordinum
1129 1430 1212 1491 tecit

115 1510 174 1572 effe
190 1512 336 1575 dicemus.
359 1511 481 1575 Deinde
497 1514 612 1575 caeteris
627 1535 663 1575 ex
678 1512 833 1660 ortpnibus
847 1514 1103 1599 hominesdgnavi
1117 1521 1146 1578 ἃ
1162 1516 1255 1580 in-lo

115 1596 223 1660 dustrii
238 1600 347 1681 partim
359 1600 411 1685 ipfr
426 1600 456 1661 in
469 1596 540 1663 Alit
549 1599 723 1684 negotiantu
739 1645 749 1676 ,
772 1600 881 1684 quibus
895 1623 948 1664 vos
959 1601 1127 1667 absentibus
1138 1626 1212 1667 con-

113 1684 212 1749 sulere
234 1686 490 1773 debetis3partrm
515 1687 592 1763 fuas,
616 1692 645 1750 ἃ
660 1686 781 1750 suorum
795 1690 827 1751 in
842 1694 875 1751 el
894 1690 1045 1771 provincii
1069 1692 1211 1772 pecunias

114 1793 241 1858 magnas
263 1776 422 1839 collocatas
444 1774 565 1837 habent.
610 1774 675 1836 Erit
692 1774 785 1858 igitur
798 1775 992 1839 humanitatis
1008 1776 1111 1841 vestrae
1127 1798 1212 1863 mag-

113 1860 191 1921 tlum
210 1883 315 1925 eorum
330 1862 463 1926 ciliane
474 1883 635 1925 numerum
651 1862 819 1925 calamitate
830 1862 1026 1947 fprohibere3
1048 1863 1210 1947 sapientiae,

113 1948 217 2011 videre
242 1951 409 2013 multorum
442 1950 553 2012 civium
579 1948 778 2011 calamitatem
805 1948 1016 2033 irrepublict
1040 1952 1253 2036 sejunttam15

114 2035 173 2097 effe
185 2057 246 2098 non
261 2038 352 2120 poife.
373 2040 375 2045 ’
396 2038 517 2100 Etenim
531 2037 606 2099 illud
616 2036 748 2119 primum
762 2038 846 2121 parvi
858 2040 961 2113 refert,
982 2060 1036 2101 vos
1045 2039 1211 2122 publicanis

113 2121 386 2209 amiffavettigalia
406 2125 507 2207 postea
523 2123 648 2186 vidiorilr
669 2146 865 2209 recuperare;
889 2147 988 2209 neque
1010 2127 1091 2187 enirn
1106 2128 1211 2189 iisdem

113 2210 282 2274 redimendi
297 2211 424 2275 facultas
442 2213 500 2275 erit'
513 2228 634 2295 propter
649 2214 859 2287 calamitatem,
881 2220 980 2295 neque
999 2214 1063 2274 aliis
1071 2214 1211 2277 voluntas

112 2312 238 2381 propter
258 2299 408 2363 timorem.
452 2276 574 2362 Deinde
596 2300 678 2381 quod
698 2320 754 2361 nos
777 2299 883 2362 eadem
909 2299 991 2375 Asia,
1014 2309 1104 2383 atque
1128 2301 1210 2363 idem

112 2382 170 2448 iste
191 2387 384 2450 Mithridates
399 2388 485 2450 initio
500 2388 570 2450 belli
593 2387 715 2450 Aliatici
735 2389 848 2465 docuit,
870 2388 902 2450 id
925 2389 1048 2472 quidem
1063 2395 1142 2451 certe
1157 2398 1253 2454 ca-20

114 2474 250 2536 lamitate
270 2475 355 2538 docti
378 2476 522 2538 memoria
545 2475 675 2538 retinere
687 2476 845 2538 debemus.
889 2476 971 2537 Nam
987 2491 1065 2550 tum,
1087 2480 1156 2537 cum
1179 2477 1211 2538 in

114 2559 186 2622 Afit
211 2583 260 2624 res
289 2583 413 2648 magnas
433 2564 575 2646 permulti
600 2560 774 2638 amisirunt,
796 2562 906 2624 scimus
921 2563 1042 2636 Romae,
1064 2561 1211 2626 solutione
1229 2581 1236 2625 “,

95 2641 271 2732 ¹impediti,
294 2649 588 2714 fidemhconcidilfe.
633 2649 706 2711 Non
733 2651 814 2712 enim
829 2650 948 2733 poliunt
971 2669 1032 2708 una
1048 2647 1211 2712 incivitate

113 2737 203 2799 multi
218 2741 301 2800 irem
327 2754 418 2821 atque
441 2737 577 2800 fortunas
598 2738 747 2813 amittere,
771 2742 835 2798 utl
852 2757 914 2799 non
932 2735 1043 2818 plureis
1063 2734 1164 2798 fecum
1178 2736 1214 2800 in

10 2965 13 2972 ,
158 2895 238 2974 aqrn'
251 2890 413 2954 detoldrunt
424 2891 562 2978 fortunas
579 2889 619 2954 ill*
630 2891 772 2972 pecunias.
817 2889 1072 2976 bexssimaoimus.
1107 2857 1212 2950 coalti-

110 2975 166 3060 gr't·
210 2978 386 3062 ddiligentes
403 2980 442 3044 Εἴ
460 2979 587 3064 laboritfi.
632 2977 877 3042 “multitudinm
912 2976 1056 3054 1lilerare,
1100 2977 1212 3040 ἕλεα,
1246 3057 1250 3061 4

9 3058 49 3138 ¹,
112 3059 240 3127 lomilale
261 3067 380 3150 Reipul.
435 3073 449 3118 h
461 3069 577 3154 periffe.
623 3066 781 3128 idivitios.
825 3068 935 3150 kqoio.

144 3223 169 3267 5.
182 3219 242 3267 Snus
251 3221 371 3281 rationes]
380 3223 406 3270 ld
415 3229 459 3280 est,
466 3221 527 3269 tanti
536 3219 671 3280 Vectigalia
702 3222 785 3280 curtii,
794 3220 880 3282 aliique
903 3222 1054 3281 complurimi
1065 3212 1171 3268 ertitdm.

111 3285 260 3342 conducunt,
282 3293 309 3333 ut
326 3301 409 3335 omnes
428 3301 509 3336 eorum
528 3285 627 3333 formum
645 3285 670 3332 in
737 3289 773 3334 lli.
791 3238 902 3344 cinitoni
931 3287 977 3334 Qur
991 3288 1066 3334 etium
1083 3287 1165 3332 Rome
1182 3284 1254 3345 dege-

111 3349 268 3407 rentignlibus
285 3355 406 3400 collocata
422 3353 481 3399 sint:
498 3350 616 3399 nonenim
632 3349 670 3396 iu·
701 3349 769 3408 bant,
787 3365 841 3398 suas
851 3351 953 3397 rationes
967 3351 1113 3398 cumiisdem
1123 3350 1254 3408 negotiato-

111 3413 199 3472 telligit
215 3415 296 3462 literas
315 3416 338 3462 s
356 3418 448 3464 tabulas
466 3417 593 3472 rationum,
604 3425 672 3462 'cum
702 3414 767 3461 ribus
774 3415 1094 3463 communicatas-habehant,

110 3489 195 3523 omnes
210 3486 289 3526 essent
301 3483 394 3539 Romae,
409 3486 456 3542 quo
477 3480 507 3527 ad
527 3473 670 3539 Magistrum
738 3481 775 3525 18.
785 3479 919 3526 Redimendi
932 3476 1056 3536 sorellam]
1078 3477 1202 3525 Publiceni
1217 3479 1254 3525 di-

110 3541 231 3588 noeietatis
242 3545 405 3595 mittebantur.
700 3551 790 3590 cuntur.
795 3544 910 3590 redimere
921 3542 1056 3601 vectigalia,
1076 3555 1132 3588 cum
1143 3549 1256 3604 expecto

11 3648 17 3665 ,
144 3607 184 3652 ts.
215 3605 342 3658 Collocutus
362 3607 464 3666 labent]
498 3609 568 3658 Cives
584 3622 668 3668 quarn·
700 3614 773 3654 certe
783 3606 1258 3667 pecunia-eeacensoribuscondueunt,

109 3667 206 3728 plurimi
219 3685 273 3718 siras
289 3673 394 3722 fortunas
409 3677 534 3723 collocatas
550 3673 670 3720 habebant
701 3685 755 3731 qrrte
764 3679 846 3732 postea
856 3687 906 3727 suo,
921 3672 959 3716 rel
970 3671 1040 3726 bono,
1058 3673 1095 3717 vel
1106 3671 1255 3722 incommodo

109 3733 136 3779 in
146 3734 238 3782 ratione
253 3738 434 3797 negotiamini,
455 3740 538 3800 quibus
549 3740 611 3783 male
629 3751 670 3785 ee·
702 3734 1255 3796 matexammredimereenrmlteonducere

109 3801 186 3855 deret,
203 3799 223 3846 si
243 3815 280 3846 res
290 3809 363 3849 suaet
380 3803 561 3864 negotiatoribus
572 3802 667 3848 amitte·
700 3799 764 3847 idem
774 3806 836 3849 sturt,

110 3869 201 3911 rentur.
237 3865 325 3914 Scribit
345 3869 495 3925 Plutarchus,
515 3867 539 3914 iu
562 3867 667 3924 Lucullo,
731 3867 771 3913 20.
794 3864 866 3912 Initio
883 3861 956 3921 lellt]
973 3865 1079 3925 Tempus
1091 3863 1147 3910 illud
1159 3865 1259 3916 intelli,

109 3924 229 3976 infinitam
245 3929 269 3976 in
286 3933 342 3978 Asis
357 3933 539 3981 Publicanorum
557 3944 585 3976 oc
597 3944 669 3989 nego-
699 3929 743 3988 git,
753 3944 799 3991 quo
809 3929 960 3977 Mithridates
969 3942 1012 3989 per
1022 3943 1140 3975 nunmam
1150 3932 1254 3979 cnrdeli.

108 3991 224 4040 tinorum
240 3995 419 4044 multitudinem
431 3997 509 4052 fuisse,
528 3994 568 4056 qui
583 3995 668 4042 misere
699 4000 776 4041 tatem
791 3996 859 4042 annis
875 3993 1023 4052 antevigirrti
1037 3995 1111 4039 tribus
1121 3997 1156 4040 tot
1166 3995 1255 4044 cisium

109 4057 259 4113 provinciam
277 4059 343 4108 illam
365 4065 490 4120 sesemet,
512 4071 606 4119 eoaque,
623 4074 667 4106 ert-
700 4059 861 4106 maranorum
875 4058 949 4106 millio
964 4056 1097 4104 trucidarit.
1130 4057 1193 4104 Vide
1209 4073 1255 4118 pa-

12 4126 16 4141 ¹
110 4125 181 4178 cepto
192 4123 326 4182 Senatorio,
349 4140 381 4172 ert
396 4127 460 4184 omni
471 4125 580 4172 ordinum
594 4134 667 4181 gene-
700 4137 749 4182 reg.
768 4127 791 4172 4.
804 4125 856 4172 lul.

13 4220 16 4233 .
109 4195 144 4240 re,
162 4187 205 4233 sed
215 4187 366 4248 potissimum
377 4189 478 4251 equestri
489 4189 559 4236 ftrisse
565 4206 574 4248 ς
593 4199 625 4232 ex
639 4203 668 4237 eo
732 4191 772 4236 29.
789 4187 903 4236 Solulione
923 4183 1048 4249 impetat]
1065 4185 1126 4233 Cum
1141 4185 1174 4233 illi
1189 4185 1254 4233 Pus.

11 4294 17 4315 ,
103 4247 173 4300 mim
190 4251 330 4312 decumani,
343 4261 455 4315 emtores,
473 4251 668 4317 publicamus·
700 4251 828 4316 liceni,qui
842 4251 914 4302 oooisi
930 4255 986 4298 seut
1000 4250 1097 4320 iussin,
1111 4253 1254 4310 solverem„
