2825 4775
576 240 760 307 VITA.
994 221 998 233 ¹
1166 250 1236 313 xxix

95 380 159 445 Sed
172 378 299 441 tandem
319 374 453 461 Lepidus
469 376 498 439 se
509 376 666 462 conjunxit
685 397 757 441 cum
778 376 926 452 Antonio,
948 384 1008 461 qui
1021 379 1059 441 de
1074 376 1164 442 causi
1176 380 1237 445 Le·

97 465 217 551 pidusai
228 464 345 527 Senatu
366 464 459 527 hostis
478 464 630 549 Judicatus
642 462 696 539 est,
719 469 749 527 &
765 464 866 529 caeteri
883 464 1017 549 quicum
1031 465 1097 528 eoi
1113 467 1237 551 Repub.

97 554 286 617 deiecerunt.
330 552 394 615 lllia
410 566 511 613 tamen
530 552 676 615 redeundi
695 552 733 614 ad
754 566 887 615 mentem
907 567 975 614 ante
992 554 1061 615 Kal.
1081 552 1235 637 Septemb.

97 640 228 727 potestas
242 640 312 701 suit.
357 638 543 702 Oiiavianus
556 645 628 703 verb
642 638 752 717 Caesar,
767 654 801 701 ut
815 640 956 725 cognorit
967 641 1136 703 Antonium
1149 640 1166 705 a
1178 642 1237 705 Le·

99 730 171 813 pido
181 741 338 812 receptum
349 727 417 803 esse,
429 740 519 809 atque
528 726 565 789 ab
576 725 639 809 ipso
654 725 730 789 stare
740 742 864 790 caeteros
878 726 1027 790 exercitiis
1041 730 1144 804 duces,
1165 752 1237 793 cau·

100 814 161 878 sam
177 814 359 899 optimatum
375 813 473 877 statim
488 814 627 877 deseruit:
650 829 718 877 tum
732 816 810 877 inter
828 836 900 878 eum
917 818 946 879 ἃ
968 816 1139 879 Antonium
1153 838 1237 879 com-

100 902 211 965 mercia
233 901 427 985 epistolarum
442 899 537 977 suine,
565 902 817 965 &conditionum
837 902 918 965 faita
933 904 1057 977 mentio,
1078 918 1113 965 ut
1126 904 1237 967 milites

100 990 178 1053 inter
193 988 222 1052 se
240 990 387 1074 jurarent,
398 1010 470 1051 cum
485 990 568 1054 nullo
582 990 727 1064 exercitu,
737 990 789 1073 qui
796 990 863 1053 Caii
870 988 1108 1066 Caesarissuiffet,
1122 989 1237 1054 bellum

102 1076 133 1139 se
143 1075 290 1162 gesturos.
335 1076 581 1163 Quadringentos
591 1077 683 1161 igitur
696 1076 807 1139 milites
817 1076 951 1139 Romam
971 1077 1008 1138 ad
1021 1076 1166 1140 Senatum
1181 1079 1238 1140 mi·

100 1164 146 1241 lit,
157 1164 211 1247 qui
221 1162 486 1248 Consulatum‘pro
497 1164 526 1227 se
535 1166 659 1227 nomine
670 1163 819 1227 exercitiis
827 1177 972 1246 peterent.
1016 1163 1095 1225 Cium
1109 1165 1238 1228 Senatus

99 1251 238 1315 cunctari
255 1251 417 1327 rideretur,
439 1272 517 1315 unus
539 1250 697 1326 Centurio,
719 1250 879 1313 Cornelius
897 1250 1030 1325 nomine,
1052 1250 1150 1313 dicere
1177 1274 1239 1315 non

101 1338 259 1413 dubitavit,
279 1338 438 1401 ostendens
448 1340 538 1423 gladii
560 1338 715 1421 capulum,
732 1337 793 1399 Hic
800 1338 904 1423 faca'et,
923 1362 971 1400 uos
983 1336 1080 1421 finon
1098 1339 1237 1424 feceritis.

101 1425 214 1489 Ferunt
232 1424 407 1509 responsum
426 1426 535 1488 dedisse
559 1425 750 1500 Ciceronem,
774 1426 805 1487 Si
817 1427 858 1487 ita
865 1427 961 1507 peritis
976 1425 1163 1510 Consulatum,
1177 1450 1239 1491 eam

101 1516 224 1596 scopin.
269 1512 348 1575 Cim
371 1535 404 1575 re
419 1513 532 1578 infecta
554 1513 664 1575 milites
679 1512 722 1575 illi
741 1510 873 1575 abiissent
888 1513 926 1574 ad
947 1511 1162 1590 Otiiavianum,
1187 1515 1239 1577 ille

0 1642 1 1647 κ
103 1602 275 1663 Antonium
297 1605 326 1664 δι
344 1600 494 1684 Lepidum
509 1600 540 1661 in
557 1600 674 1663 Italiam
691 1599 850 1674 accersivit,
878 1603 908 1661 ir
927 1600 1059 1685 legiones
1078 1602 1117 1663 ad
1131 1601 1238 1665 urbem

103 1685 251 1759 hostiliter
264 1688 404 1751 admovit.
449 1688 557 1751 Cicero
567 1702 640 1751 tunc
655 1688 692 1749 ad
702 1686 905 1751 Oiiavianum
920 1688 1012 1761 venit,
1025 1692 1054 1751 &
1071 1690 1161 1770 pauli>
1172 1690 1238 1773 post

104 1796 143 1836 ex
153 1773 321 1861 urbefugit.
366 1774 474 1838 Statim
491 1778 561 1838 verb
579 1774 766 1838 Oiiavianus
784 1773 883 1838 Caesar
899 1796 978 1837 anno
990 1776 1084 1837 aetatis
1096 1776 1238 1859 vigesimo

102 1882 172 1925 cum
184 1862 226 1948 Q.
237 1861 333 1925 Pedio
343 1860 457 1926 Cousul
471 1862 571 1925 salsius
580 1862 632 1925 est.
678 1862 714 1923 In
728 1860 894 1924 Consulatu
913 1861 1099 1925 Odiavianus
1112 1862 1182 1925 tulit
1196 1867 1239 1926 le-

101 1970 171 2033 gem
180 1951 219 2013 de
230 1949 397 2033 quaestione
412 1950 443 2011 in
454 1971 506 2013 eos
522 1949 668 2025 habendi,
697 1970 828 2032 quorum
842 1946 933 2032 operi
951 1966 1036 2033 pater
1049 1950 1163 2013 occisus
1179 1950 1238 2015 est:

101 2034 222 2113 Pedius,
235 2052 281 2113 ut,
290 2037 344 2119 qui
355 2036 391 2100 C.
402 2036 549 2100 Caesarem
560 2038 780 2112 interfecerant,
789 2037 833 2099 eis
841 2035 920 2118 aquai
930 2039 958 2100 δι
969 2037 1031 2121 igni
1042 2037 1238 2101 interdiilum

101 2124 180 2187 esset.
224 2123 413 2188 ottavianus
438 2123 544 2208 pariam
559 2138 660 2211 gratus
682 2125 715 2187 in
729 2124 908 2187 Ciceronem
945 2145 1015 2186 eum
1029 2126 1126 2187 valere
1141 2126 1264 2210 juffit„

101 2208 194 2275 Facta
208 2232 281 2275 cum
298 2212 434 2273 Antonio
451 2215 479 2275 &
495 2212 612 2295 Lepido
627 2232 712 2295 pace,
726 2211 758 2272 in
770 2232 866 2273 unum
876 2212 978 2273 locum
992 2210 1092 2293 copias
1101 2227 1239 2275 contrax-

101 2314 203 2373 erunt,
229 2302 259 2361 a
275 2297 444 2382 provincias
463 2298 579 2382 imperii
595 2297 728 2360 Romani
748 2311 807 2360 tres
833 2298 876 2359 illi
896 2299 974 2360 inter
993 2297 1022 2360 se
1040 2300 1139 2380 partiti
1159 2299 1238 2362 sunt.

7 2432 10 2451 .
103 2384 204 2450 Caesar
218 2401 377 2469 utramque
388 2384 525 2449 Africam
539 2385 721 2450 cumSiciliri
733 2390 761 2448 u
773 2384 920 2461 Sardinii,
934 2387 1067 2469 Lepidus
1078 2387 1239 2472 Hispanias

103 2477 135 2542 dr
149 2473 283 2536 Galliam
297 2473 536 2549 Narbonensem,
558 2473 713 2536 Antonius
731 2473 860 2557 reliquas
881 2473 995 2535 Gallias
1013 2473 1127 2536 habuit.
1172 2477 1238 2538 Ad-

101 2559 215 2636 diditrm
230 2575 266 2626 ut
279 2560 333 2645 ipsi
348 2561 496 2624 triumviri
515 2583 568 2645 per
588 2562 723 2644 quinque
742 2582 836 2624 annos
856 2561 958 2635 essent,
982 2574 1016 2621 ut
1030 2561 1097 2621 suos
1112 2560 1239 2642 quisque

101 2648 240 2714 inimicos
255 2648 459 2733 proscriberet.
502 2647 724 2711 Proscribendis
738 2647 862 2728 quidem
876 2645 989 2707 civibus
1001 2647 1129 2729 primim
1141 2646 1240 2711 Caesar

102 2735 224 2811 restitit,
246 2735 297 2798 sed
314 2733 387 2800 cirm
402 2736 564 2818 incepisset,
579 2735 697 2797 duobus
715 2733 837 2817 collegis
851 2732 983 2795 acerbius
994 2733 1067 2817 egit:
1092 2755 1163 2796 nam
1186 2735 1239 2798 Ci-

104 2843 260 2899 ceronem,
268 2823 320 2906 qui
330 2825 368 2886 de
380 2845 416 2886 eo
425 2822 501 2886 beni
517 2824 642 2886 meritus
654 2820 762 2896 suerat,
774 2843 831 2904 per
842 2820 988 2882 summam
1003 2819 1160 2905 perfidiam
1172 2826 1241 2886 An-

105 2909 184 2980 tonii
199 2909 291 2972 sutori
313 2911 455 2994 permisit.
499 2909 629 2994 Fugerat
654 2907 773 2980 interim
797 2907 904 2972 Cicero
929 2932 967 2972 ex
993 2909 1077 2985 urbe,
1099 2908 1170 2973 crim
1196 2912 1239 2974 illi

103 2996 252 3064 triumviri
263 2998 396 3060 Romam
414 2994 570 3074 venierunt,
590 2997 687 3082 primb
702 2996 733 3056 in
746 2994 964 3073 Tusculanum,
989 2996 1059 3058 inde
1074 2997 1240 3062 transversis

103 3083 260 3150 itineribus
282 3085 314 3146 in
343 3085 551 3161 Fonnianum3
576 3084 754 3170 cognitique
776 3083 1000 3167 proscriptione,
1026 3105 1097 3146 cum
1120 3086 1239 3170 Quinto

5 3183 11 3207 ¹
103 3171 195 3235 fratre
211 3172 355 3235 Asturam
369 3173 401 3236 in
410 3171 594 3235 maritimum
608 3171 695 3234 suum
715 3170 846 3234 fundum
858 3170 1003 3254 proficisci
1015 3170 1125 3247 statuit,
1148 3188 1238 3255 atque

104 3259 438 3326 indemMacedoniam
453 3260 490 3321 ad
500 3259 547 3322 M.
559 3260 699 3336 Brutum,
714 3259 752 3320 de
762 3259 848 3343 cujus
862 3255 990 3321 visioni
1004 3259 1148 3335 audierat,
1159 3274 1240 3322 tran-

105 3345 169 3409 sire.
214 3346 400 3410 Ferebantur
428 3346 544 3410 lediicis
563 3345 697 3409 conteni
713 3366 842 3407 moerore
865 3350 894 3409 δι
911 3345 1030 3408 intense
1040 3346 1141 3408 casum
1152 3347 1240 3409 suum

104 3435 354 3498 lamentabantur.
400 3434 536 3518 Quintus
550 3431 646 3518 magis
661 3431 826 3517 angebatur
839 3433 940 3495 animo
958 3447 1079 3516 propter
1095 3434 1240 3516 inopiam,

105 3522 176 3604 quia
184 3520 372 3586 nihilsecum
380 3522 472 3584 domo
492 3522 647 3584 extulerat.
692 3520 799 3582 Marco
808 3521 1004 3604 perexiguum
1014 3521 1156 3583 viaticum
1166 3541 1239 3585 erat.

104 3607 203 3672 Sotiis
218 3609 311 3694 igitur
323 3609 488 3671 affirmabat
502 3609 643 3671 Marcum
654 3605 728 3692 fugai
736 3608 923 3683 antecedere,
937 3606 967 3669 se
981 3608 1172 3671 convasatum
1187 3612 1241 3673 do-

10 3766 14 3786 ,
107 3715 192 3760 mum
206 3717 369 3760 recurrere.
414 3695 574 3780 Complexi
585 3696 663 3757 inter
677 3695 718 3770 se,
727 3695 889 3776 multisque
903 3695 1041 3780 lacrymis
1050 3695 1177 3778 profusis
1195 3699 1241 3758 di-

106 3783 190 3866 greffi
201 3783 281 3847 sunt.
327 3783 462 3869 Quintus
473 3805 534 3845 non
549 3784 589 3845 ita
600 3781 702 3844 multis
714 3783 779 3865 pbst
788 3783 920 3846 diebusa
934 3781 1022 3844 servis
1037 3785 1172 3866 proditus
1181 3794 1241 3846 uni

105 3867 177 3933 ciam
189 3869 254 3934 filio
270 3870 288 3934 a
302 3871 518 3956 percussoribus
528 3869 705 3933 intersedius
716 3870 769 3932 est.
813 3869 864 3933 De
875 3868 1028 3953 utriusque
1039 3886 1136 3934 morte
1145 3872 1242 3955 ioqui·

104 3969 155 4021 tur
168 3957 244 4033 Dio,
259 3958 311 4021 lib.
332 3961 384 4022 47.
429 3957 552 4021 Marcus
573 3957 716 4020 Asturam
730 3959 846 4021 delatus
863 3976 970 4019 narem
985 3956 1083 4020 statim
1101 3959 1243 4022 conscen-

10 4073 14 4101 ι
105 4045 161 4121 dit,
185 4048 216 4110 dt
237 4066 321 4108 oram
335 4047 449 4132 legens,
463 4043 614 4108 Circaeum
634 4045 728 4129 usque
740 4060 832 4109 vento
849 4045 993 4128 pervenit.
1037 4045 1112 4108 Inde
1129 4045 1242 4109 solvere

105 4136 176 4194 clun
195 4146 324 4216 pararet,
347 4135 395 4196 vel
418 4132 507 4195 maria
521 4147 607 4196 motu
629 4149 797 4216 permotus,
824 4133 871 4195 vel
893 4133 930 4195 de
950 4130 1073 4196 Caesaris
1097 4131 1157 4194 fide
1180 4154 1242 4194 non

11 4240 17 4259 ·
103 4217 195 4308 plani
209 4219 379 4307 desperans,
389 4221 421 4286 in
435 4235 544 4288 terram
552 4220 695 4308 regressus
710 4219 765 4300 est,
775 4219 887 4286 habens
898 4220 1039 4288 inanimo
1050 4221 1194 4299 Romam,
1211 4223 1241 4285 δι
