2825 4775
216 276 275 334 los
560 266 609 331 Μ.
630 263 782 332 TULLII
804 259 1035 328 CICERONIS

277 397 407 461 statibus
424 396 623 473 deleasntur,
636 388 677 458 'in
691 408 811 459 tantum
825 415 866 459 aes
880 395 1025 472 alienum,
1050 413 1065 445 α
1080 393 1256 471 inciderunt,
1271 396 1334 460 ,ors

255 423 326 547 salvi
349 485 405 547 effe
424 485 528 561 velint,
550 485 632 570 Sylla
654 483 739 546 litiis
755 488 770 533 b
786 481 823 544 ab
847 481 951 546 inseris
976 483 1169 548 excitandus:
1191 483 1241 567 qui
1254 485 1334 548 etiam

206 573 422 646 ,10nonnullos
446 570 575 657 agrestes
588 571 727 633 homines
742 583 848 632 tenues
871 583 991 653 atquec
1017 584 1139 656 egentes
1163 571 1195 632 in
1222 572 1337 634 eandem

254 660 342 722 illam
357 659 439 742 spem
454 661 625 742 rapinarum
633 673 770 720 veterum
785 656 980 740 impulerunt.
1025 657 1114 743 Quos
1128 679 1184 742 ego
1198 657 1336 741 utrosque,

186 736 190 746 ¹
256 746 405 832 Quirites,
419 747 451 808 in
459 747 567 809 eodem
576 767 686 830 genere
696 745 899 829 praedatorsun
913 745 1161 830 direptorumque
1172 766 1258 830 pono·
1285 745 1337 809 set
1388 785 1389 846 p

255 855 308 896 eos
321 832 380 896 hoc
394 855 515 1009 sponso,
538 833 671 896 desinant
692 832 806 908 furere,
830 836 860 896 &
876 829 1118 916 proscriptiones,
1145 837 1174 896 &
1190 833 1338 896 disisturas
1388 857 1389 904 l

255 923 397 1005 cogitare.
419 921 537 984 Tantus
548 921 629 984 enim
638 921 760 982 illorum
771 934 943 1002 temporum
953 919 1069 982 dolord
1085 920 1200 984 inustus
1219 919 1260 984 est
1274 919 1337 983 ciri-
1388 905 1389 980 l

217 1008 329 1083 l5tati,‘:
348 1020 382 1070 ut
392 1009 457 1093 jam
469 1009 523 1071 illa
536 1030 599 1071 non
610 1008 702 1070 modo
713 1006 864 1084 homines,
877 1005 928 1068 sed
943 1028 981 1070 ne
992 1009 1125 1091 pecudes
1145 1008 1265 1092 quidem
1274 1006 1338 1070 mihi
1388 1005 1389 1086 l

165 1112 226 1208 so
256 1080 640 1185 pallurreellevideantunl
669 1096 825 1180 Quartum
851 1115 947 1178 genus
969 1095 1011 1157 est
1026 1094 1097 1159 sane
1110 1095 1269 1159 varium&
1290 1091 1338 1155 mi·
1388 1123 1389 1132 ¹

256 1183 347 1258 stum,
368 1187 397 1246 a
414 1185 633 1260 turbulentum,
644 1183 698 1267 qui
710 1182 890 1268 jampridem
905 1197 1107 1266 premuntur,
1131 1183 1184 1268 qui
1198 1201 1339 1266 nunquan

256 1284 430 1355 emergent:
452 1273 504 1354 qui
515 1273 623 1356 partim
638 1271 755 1345 inertis,
777 1269 887 1353 partim
901 1271 979 1332 male
993 1271 1127 1355 gerendo
1140 1270 1269 1355 negotio,
1283 1290 1339 1353 par·
1388 1275 1389 1280 ’

255 1360 311 1420 tim
323 1359 415 1421 etiam
428 1358 606 1442 sumptibus,
621 1359 653 1419 in
667 1371 769 1419 vetere
783 1379 842 1420 aere
856 1357 954 1420 alieno
969 1357 1129 1422 vacillant:
1153 1359 1206 1442 qui
1220 1357 1339 1420 radimo-

213 1447 328 1519 20niis‚
339 1445 473 1530 judiciis,
486 1445 750 1529 proscriptionibus
764 1443 914 1508 bonorum
929 1445 1095 1530 defatigati,
1109 1446 1250 1530 permulti
1265 1449 1292 1508 &
1308 1465 1339 1506 es
1388 1441 1389 1500 l

175 1590 180 1601 ,
257 1533 342 1607 urbe,
360 1536 389 1594 &
406 1553 442 1594 ex
452 1535 529 1618 agris
543 1533 573 1596 se
583 1534 614 1595 in
629 1531 679 1594 illa
689 1531 784 1594 castra
793 1531 930 1594 conserte
938 1533 1092 1596 dicuntur.
1114 1533 1216 1598 Hosce
1227 1552 1339 1618 egonon
1388 1529 1389 1600 ξ

256 1634 319 1680 tam
334 1619 444 1682 milites
453 1643 547 1695 acres,
561 1642 653 1704 quam
675 1619 860 1682 insidiatores
873 1619 970 1682 lentos
985 1621 1043 1684 elle
1062 1621 1211 1696 arbitron
1233 1620 1282 1703 qui
1294 1617 1340 1680 ho·
1388 1691 1389 1694 Ἴ

256 1707 354 1770 mines
368 1707 548 1792 primum,s1
575 1707 649 1770 stare
664 1728 727 1768 non
752 1706 881 1788 possunt,
904 1721 1063 1770 corruant:
1085 1708 1138 1770 sed
1152 1709 1217 1784 ita,
1245 1723 1342 1770 utnon

257 1794 350 1858 modb
362 1796 476 1871 civitas,
490 1795 540 1858 sed
549 1817 588 1858 ne
601 1794 692 1856 vicini
701 1793 824 1877 quidem
834 1793 962 1876 proximi
977 1792 1120 1870 sentiant,
1133 1817 1206 1858 nam
1218 1795 1341 1858 illudnon

214 1878 407 1966 25intellig0,
429 1882 637 1964 quamobrem,
652 1881 673 1942 li
687 1880 786 1942 rivere
799 1878 922 1943 honeste
948 1901 1010 1942 non
1024 1880 1157 1964 possunt,
1180 1883 1276 1966 perire
1291 1894 1344 1942 tur·
1388 1889 1389 1932 l

256 1971 334 2052 piter
348 1971 459 2030 velint:
475 1984 527 2032 aut
538 1991 592 2032 cur
603 1968 719 2030 minore
735 1967 838 2029 dolore
849 1967 997 2050 perituros
1008 1968 1038 2031 se
1049 1989 1122 2030 cum
1137 1971 1257 2046 multis,
1266 1975 1343 2052 quim
1388 1981 1389 2012 l

258 2056 277 2117 fi
302 2055 354 2116 soli
383 2072 517 2138 pereant,
538 2053 740 2120 arbitrentur?
773 2055 927 2139 Quintum
942 2077 1039 2140 genus
1061 2054 1104 2118 est
1128 2057 1345 2139 parricidarum,

258 2143 440 2220 sicariorum,
455 2146 586 2228 denique
600 2144 738 2206 omnium
760 2141 1014 2206 facinorosorum:
1029 2163 1106 2225 quos
1122 2165 1184 2229 ego
1199 2151 1216 2208 ὲ
1230 2143 1344 2208 Catilinl
1388 2145 1389 2174 l

257 2253 459 2309 nonrevoc03
487 2253 559 2293 nam
576 2253 675 2314 neque
687 2229 788 2292 divelli
809 2229 847 2291 ab
868 2251 905 2292 eo
925 2231 1064 2315 poliunt:
1095 2235 1126 2295 a
1143 2247 1270 2316 pereant
1287 2230 1344 2293 sane
1388 2269 1389 2306 ,

216 2319 292 2380 soin
307 2321 382 2381 latro
401 2319 474 2395 inlu,
489 2319 631 2403 quoniam
644 2318 763 2380 suntita
775 2317 874 2394 multi,
904 2333 939 2381 ut
963 2340 1015 2381 eos
1038 2339 1148 2404 capere
1174 2341 1275 2383 carcer
1294 2337 1345 2380 non
1388 2351 1389 2397 3

256 2408 353 2492 pollit.
374 2442 378 2447 ·
405 2407 596 2471 Postremum
611 2420 714 2470 autern
725 2426 821 2489 genus
836 2404 890 2481 est,
900 2428 961 2469 non
973 2406 1071 2469 solum
1082 2429 1225 2485 numero,
1250 2406 1345 2471 vertlm
1388 2412 1389 2423 ¹

258 2499 350 2558 etiam
366 2517 475 2581 genere
489 2495 563 2581 ipso,
579 2509 669 2579 atque
683 2494 754 2568 virs,
784 2494 866 2575 quod
896 2494 1052 2578 proprium
1067 2495 1111 2558 est
1139 2494 1346 2571 Catilinae,lde

257 2584 324 2671 ejus
352 2584 486 2677 tleleslu,
514 2583 609 2646 immo
633 2580 707 2646 verb
737 2580 775 2643 de
790 2598 803 2630 θ
821 2584 981 2666 complexu
1011 2583 1077 2667 ejus
1107 2606 1143 2649 ac
1174 2583 1348 2675 smurjquos

301 2781 315 2811 υ
331 2772 646 2825 contruxerunttantum
661 2751 840 2821 aes'alienum.
864 2760 879 2806 b
896 2759 1065 2821 reuocandus
1077 2760 1230 2823 advitam.
1253 2778 1267 2811 c
1283 2778 1348 2821 men·

250 2845 360 2910 diculus.
404 2848 548 2910 uallatus.
592 2867 607 2898 e
623 2847 655 2909 de
654 2844 803 2933 familiari
821 2846 886 2907 rmt's
899 2846 949 2931 ipſs
967 2846 1007 2911 Εἴ
1019 2849 1138 2911 intimis.

247 3026 286 3070 ll.
295 3024 439 3086 Rapinarum
448 3022 566 3081 aeterum]
577 3025 624 3083 Spe
632 3024 769 3083 rapinarum
834 3022 872 3069 19.
886 3022 1046 3081 Vadimonis]
1064 3026 1213 3075 Vadimonis
1224 3028 1280 3073 sunt
1290 3036 1352 3085 spon-

213 3094 371 3146 attraxerunt,
379 3093 460 3149 quales
474 3089 545 3136 sactoe
560 3096 615 3135 stunt
624 3086 770 3149 temporibus
801 3084 877 3134 tiones
887 3087 1019 3135 sistendise
1035 3088 1169 3149 injudicio,
1181 3090 1267 3151 quibus
1281 3087 1352 3148 siquis
1388 3142 1389 3145 Ἰ

214 3153 294 3211 Syllae,
801 3147 876 3209 deest,
898 3154 1007 3199 adversus
1025 3168 1080 3200 euru
1097 3153 1218 3214 judicium
1240 3150 1352 3208 daton&
1388 3156 1389 3165 ¹

249 3221 285 3263 11³».
306 3214 506 3280 Promptiores]
524 3218 638 3265 Homines
655 3214 769 3277 ejusmodi
802 3214 905 3263 creditor
916 3218 938 3263 iu
950 3214 999 3276 ejus
1009 3218 1170 3277 possesiones
1180 3218 1291 3266 mittitur.

212 3286 297 3329 tennes
315 3289 337 3329 ts
347 3283 415 3342 egeni
427 3296 474 3328 non
484 3282 572 3329 debent
579 3296 674 3342 sperare
685 3282 733 3327 sote
743 3284 769 3326 ut
832 3282 871 3327 al.
893 3280 923 3327 ln
941 3281 981 3327 ills
992 3279 1087 3339 cartre]
1110 3284 1173 3330 Faex
1188 3284 1230 3330 illu
1240 3282 1354 3329 bominum

215 3348 365 3394 Dictatorem
382 3360 406 3393 se
421 3348 551 3393 constituat
567 3347 679 3403 Catilius,
699 3348 723 3391 lt
737 3344 769 3389 sl·
801 3343 830 3389 sd
842 3350 920 3391 castra
929 3345 1014 3393 lllanlii
1028 3346 1176 3395 confluebat.

213 3410 277 3457 milis
294 3411 416 3470 sitsyllae,
432 3411 472 3471 qui
495 3424 575 3456 eormn
586 3411 692 3457 omnium
707 3410 769 3456 bona
833 3412 872 3456 22.
889 3408 1039 3459 lmidirtores
1057 3408 1153 3468 latos]
1187 3410 1262 3459 Multi
1282 3413 1356 3469 legunt

213 3474 359 3533 proscripsit,
378 3490 435 3537 quos
451 3476 498 3521 suls
516 3476 623 3535 partibus
640 3474 769 3521 contrarios
801 3472 944 3533 irrfiriutorer,
968 3473 1057 3530 idest,
1083 3476 1197 3522 homines
1220 3474 1357 3522 exercitatus

213 3537 303 3584 habult.
799 3538 830 3583 sd
841 3538 974 3597 negandum
989 3536 1074 3599 quibus
1087 3538 1189 3587 debent.
1226 3541 1264 3587 ltu
1282 3536 1355 3585 Murs-
1388 3544 1389 3591 j

249 3606 286 3647 17.
315 3601 352 3648 Et
372 3601 544 3659 serimentum]
577 3604 648 3651 Aliud
667 3602 769 3651 bominis
802 3606 847 3649 lus.
1388 3628 1389 3633 =

213 3680 296 3724 gersus,
314 3668 353 3725 qui
375 3668 504 3716 Catilinam
522 3674 658 3727 sequuntur,
684 3668 768 3713 turbu·
832 3668 872 3713 28.
896 3663 1031 3724 Corrunnt.)
1065 3668 1088 3715 Sl
1104 3668 1130 3714 in
1149 3668 1199 3716 suis
1218 3668 1287 3716 bonis
1300 3671 1356 3713 sture
1388 3698 1389 3723 t

213 3732 304 3775 lentum
315 3732 532 3787 est&seditiosum,
548 3746 580 3777 ex
591 3732 660 3777 tsrrlu
673 3734 769 3777 &mul-
801 3728 896 3778 illinon
916 3737 1022 3792 possunt,
1040 3732 1184 3793 semetipsos
1202 3731 1356 3788 iuterllclsul;

212 3794 322 3849 sustine,
353 3795 376 3840 ss
393 3796 466 3841 veluti
488 3796 619 3842 colluvione
644 3796 766 3843 homiuum
801 3808 857 3841 nom
878 3795 934 3855 ipsis
954 3796 1073 3843 honestius
1093 3802 1132 3843 est
1149 3796 1266 3858 pacifice,
1292 3808 1357 3857 quam

213 3858 350 3904 multatum.
798 3860 950 3917 tumultuose,
970 3860 994 3906 lt
1012 3874 1068 3907 cum
1087 3859 1241 3922 Reipublicae
1258 3860 1359 3921 periculo

248 3924 282 3969 lu.
315 3920 436 3985 Nunquam
461 3920 594 3984 emergens]
633 3923 768 3971 'l'tnuslatio
800 3924 867 3972 mort.
1388 3914 1389 3937 ¹

212 3993 308 4047 sumpta
324 3982 354 4032 ab
373 3988 447 4047 equis,
469 4002 500 4033 ex
518 3987 602 4046 quibus
619 3986 707 4034 dicitur
716 3988 768 4048 quis
831 3990 871 4035 30.
900 3986 931 4035 In
954 3986 1093 4046 latrocinio]
1130 3990 1231 4038 Bellum
1256 3988 1280 4036 id
1305 4002 1358 4035 con·
1388 3984 1389 4043 l

212 4059 500 4111 emetur-retanquamors
509 4050 638 4111 naufragio.
674 4052 767 4111 signifi·
800 4057 838 4097 tra
858 4052 962 4113 patrium
984 4054 1134 4101 latrocinium
1162 4068 1262 4116 semper
1288 4050 1358 4098 norni-

212 4120 328 4174 catrer63
340 4114 565 4177 bomiuesejusmotli
576 4114 768 4177 nunquamlibe-
800 4114 875 4176 navit,
895 4117 952 4179 quia
972 4117 1099 4180 conjuratis
1114 4133 1164 4167 non
1178 4117 1299 4167 indictum
1313 4114 1359 4162 sue·

212 4182 334 4233 taburnius.
800 4185 845 4229 rat.
