2825 4775
555 234 738 301 vtae.
852 275 856 283 ·
932 206 934 210 ’
1214 263 1234 304 v

93 362 198 438 adbuc
213 366 345 434 extitisse.
390 366 408 433 J
410 380 481 432 uxta
487 356 650 453 'antiquum
663 386 780 433 morem
793 365 996 451 sumptlvirili
1004 366 1075 455 togl
1083 366 1102 429 'a
1110 368 1238 450 parenti-

97 464 157 527 bua
171 461 205 525 in
214 458 312 521 sorum
326 456 477 521 deductus
491 456 546 533 est,
568 470 603 521 ut
616 457 687 519 esset
700 456 829 533 auditor,
844 459 875 519 ἃ
887 454 1215 541 sedlatorjudiciorum.

349 630 502 695 ANNUS
524 630 656 695 URBIS
678 628 892 695 CONDlTAE
913 638 986 693 663.

101 750 164 839 Cqffi
174 749 216 812 L.
236 748 320 837 Julio
334 747 448 832 Cafhre,
470 747 510 809 P.
536 748 647 810 Rutilio
665 746 758 831 Lupo,
779 760 843 809 onte
866 746 1007 834 Chrssum
1030 755 1080 811 89.
1104 747 1241 812 Ciceronis

440 934 441 939 η
538 865 657 928 decimus
660 866 804 951 septimus.
1027 880 1031 891 “
1116 868 1121 881 ’

139 980 212 1045 Hoc
224 1002 304 1043 anno
319 980 425 1043 acriter
445 978 560 1042 bellum
571 979 710 1044 Italicum
724 978 843 1065 gestum
854 977 908 1055 est,
917 981 949 1042 in
963 1001 1025 1064 quo
1034 981 1134 1065 plures
1143 981 1241 1044 cladea

96 1066 253 1153 accepere,
262 1066 356 1151 qubm
368 1064 494 1130 intulere
506 1067 652 1130 Romani:
674 1090 746 1129 cum
761 1065 862 1147 itaque
871 1081 933 1128 tota
942 1068 1121 1131 tumultibus
1130 1070 1243 1152 repleta

97 1156 170 1220 elset
184 1156 281 1231 Italia,
292 1153 423 1217 Senatds
433 1156 553 1217 decreto
564 1153 680 1239 judicia
694 1150 944 1216 intermissasunt.
968 1154 1043 1238 Quo
1051 1168 1186 1237 tempore
1196 1169 1244 1216 to·

97 1258 166 1306 tum
181 1242 212 1306 se
223 1242 404 1326 eloquentiae
420 1240 517 1304 studio
527 1241 619 1303 dedit.
629 1240 712 1303 Nam
722 1240 855 1323 quotidie
867 1244 896 1303 &
908 1239 1064 1316 scribebat,
1076 1244 1104 1303 &
1116 1239 1244 1325 legebat,

100 1334 131 1393 81
143 1328 403 1393 commentabatur
415 1351 483 1412 quae
495 1330 608 1413 legerat
617 1326 680 1390 aliis
690 1327 907 1410 verbis‚&quae
917 1326 1015 1389 suerat
1024 1341 1244 1390 commentatus

97 1418 327 1503 pronunciabat.
351 1416 476 1479 Graecae
490 1414 675 1478 summorum
690 1430 842 1478 oratorum
857 1416 1005 1477 orationes
1022 1412 1128 1477 Latine}
1139 1416 1246 1477 redde-

98 1506 163 1568 bat.
211 1504 298 1567 Arati
308 1504 441 1567 carmina
455 1504 493 1565 de
507 1504 597 1579 coelo,
613 1502 761 1586 stellisque
772 1502 824 1565 lib.
836 1508 867 1564 ⁶2.
880 1504 917 1565 de
927 1501 1000 1564 Nat.
1010 1502 1105 1565 Deor.
1115 1502 1206 1565 refert
1215 1501 1244 1564 se

99 1592 289 1666 convertisse,
300 1595 327 1655 dt
340 1591 392 1653 lib.
407 1598 433 1651 1.
444 1590 481 1652 de
492 1589 568 1675 Leg.
582 1594 612 1653 &
629 1597 655 1651 1.
668 1592 705 1652 de
717 1590 820 1653 Divin.
833 1590 968 1651 Marium
979 1589 1126 1673 scripsrsle.
1156 1590 1246 1675 Quo-

100 1680 187 1741 niam
196 1676 387 1762 nerbsumptl
397 1678 548 1762 virilitoga
557 1676 758 1741 adolescentes
768 1679 806 1739 ad
816 1676 1245 1759 aliquemvirumpraestantem

98 1764 118 1829 ἃ
127 1765 303 1851 parentibus
314 1764 551 1839 deducebantur,
560 1762 578 1827 ὲ
587 1779 669 1848 patre
679 1765 722 1850 Q.
732 1766 835 1826 Mutio
845 1763 986 1827 Scaevolae
993 1764 1112 1848 Auguri
1120 1764 1248 1825 traditus

99 1854 158 1929 est,
170 1854 257 1938 cujus
267 1852 285 1915 ὲ
295 1853 387 1915 latere
398 1873 554 1934 nunquam
566 1851 594 1914 se
606 1851 757 1915 discedisse
769 1854 800 1913 in
811 1852 905 1914 Laelio
914 1852 1061 1913 asseverat.
1099 1848 1181 1913 Huic
1192 1852 1248 1935 igi-

97 1955 151 2003 tur
161 1942 267 2003 Murio
278 1960 399 2023 operam
411 1941 503 2015 dedit,
516 1938 601 2022 aquo
611 1940 810 2025 tantumjuris
822 1939 914 2002 civilis
922 1939 1063 2024 accepisse
1071 1937 1100 2001 se
1111 1939 1143 2002 in
1152 1940 1247 2001 Bruto

9 2042 10 2045 ’
99 2030 154 2105 ait,
177 2042 328 2111 quantum
343 2026 411 2089 satis
425 2027 494 2089 effet
509 2026 626 2089 oratori.

352 2200 509 2262 'ANNUS
531 2200 662 2264 URBIS
685 2200 900 2265 CONDITAE
922 2207 995 2263 664.

103 2314 173 2402 Coffi
189 2316 243 2379 Cn.
256 2310 385 2393 Pompeio
396 2312 534 2391 Strabone,
545 2314 587 2375 L.
602 2314 701 2377 Porcio
723 2319 835 2394 Catone,
857 2330 923 2379 ante
936 2316 1076 2406 (hristum
1097 2328 1148 2382 88.
1172 2323 1249 2385 Cice-

508 2429 584 2488 ronis
596 2427 715 2488 demotus
724 2433 846 2492 olianus.

9 2589 10 2592 ,
149 2541 188 2603 L.
199 2538 310 2617 Caesar,
329 2538 431 2603 occlfis
442 2539 514 2604 octo
523 2542 655 2604 millibus
669 2541 801 2606 bostium
810 2545 847 2604 ad
863 2542 1022 2617 Asculum,
1031 2542 1137 2604 morbo
1151 2541 1249 2624 periit.

104 2629 178 2694 Hoc
188 2629 219 2690 ἰιι
229 2627 310 2692 bello
320 2627 450 2691 Marsico
461 2629 568 2692 Cicero
580 2629 754 2710 aliquandiu
762 2629 816 2690 sub
824 2629 904 2713 Sylla
913 2629 1060 2704 militavit,
1070 2631 1148 2712 apud
1158 2649 1251 2710 quem

105 2717 138 2778 se
151 2719 287 2798 legatum
297 2715 381 2778 fuisse
391 2713 444 2776 lib.
458 2722 484 2775 1.
497 2717 534 2777 de
543 2712 677 2777 Divinat.
687 2713 797 2791 scribit,
812 2713 883 2778 ciam
893 2732 961 2778 ante
972 2717 1117 2801 oppidum
1127 2717 1250 2793 Nolam,

107 2801 284 2864 Samnitum
292 2801 382 2865 castra
393 2803 525 2884 diripuit.

363 2975 516 3040 ANNUS
539 2977 670 3040 URblS
693 2978 907 3046 CONDITAE
929 2987 1001 3043 665.

108 3091 178 3180 ὂψ
190 3088 232 3152 L·
249 3091 371 3155 Cormlio
386 3093 474 3179 Sylla,
504 3091 549 3180 Q
562 3095 690 3177 Pompeio
708 3095 797 3182 Rrffo,
818 3095 1030 3182 anteChnstum
1043 3096 1094 3157 87.
1117 3096 1254 3161 Ciceronis

566 3207 685 3270 decimus
696 3230 791 3270 mnus.

154 3324 343 3388 Consedlum
353 3323 395 3388 est
405 3324 519 3386 bellum
530 3323 668 3386 Italicum
679 3324 731 3386 seu
742 3322 919 3396 Marficum3
930 3317 1060 3402 cumque
1075 3317 1156 3401 Sylla
1165 3316 1254 3378 rebue

108 3411 249 3498 proxim&
261 3414 293 3474 in
303 3413 402 3488 Italia,
416 3433 513 3495 nuper
521 3411 553 3472 in
568 3411 648 3486 Asia,
676 3411 897 3496 &jamdudum
913 3409 943 3468 in
960 3407 1070 3482 Gallia,
1090 3403 1255 3485 Africique

108 3500 202 3588 gestis
217 3501 353 3575 clareret,
375 3501 511 3561 omnium
523 3498 668 3584 suffragiis
683 3497 880 3560 Consulatum
892 3495 1033 3570 obtinuit,
1045 3495 1132 3576 eique
1141 3491 1256 3554 bellum

111 3587 358 3650 Mithridaticum
371 3609 441 3650 cum
452 3587 522 3649 Afia
536 3587 685 3670 provincia
700 3585 776 3647 sorte
791 3583 908 3668 obtigit.
930 3583 1049 3644 Verum
1059 3588 1087 3643 ei
1097 3579 1113 3642 a
1122 3577 1257 3663 Sulpicio

110 3675 512 3760 tribunoplebisabrogatum
527 3673 569 3736 est
584 3675 749 3758 ingratiam
757 3672 859 3747 Marii,
869 3668 1111 3754 quodcbmSylla
1122 3667 1259 3728 intellex-

112 3761 188 3838 iffet,
197 3785 269 3828 cum
281 3763 331 3826 sex
340 3762 550 3848 legionibusad
564 3761 668 3823 urbem
675 3762 768 3835 venit,
781 3755 1024 3843 quaminitdeum
1032 3755 1258 3838 Marianispug-

113 3845 430 3934 nividoroccuparit,
442 3871 475 3912 ac
480 3849 613 3912 Marium
623 3847 783 3934 profugere
795 3847 826 3908 in
837 3869 903 3910 oras
912 3845 1025 3908 Africae
1033 3859 1181 3906 extremas
1189 3865 1260 3904 coe-

109 3937 169 4024 gir,
177 3937 316 4021 Sulpicio
325 3937 433 4014 occiso,
449 3938 535 4020 cujus
546 3952 636 4020 caput
647 3959 700 4020 pro
712 3935 812 3998 rostris
823 3934 988 4017 expolitum
1000 3933 1054 4008 est,
1067 3933 1161 3995 veluti
1169 3929 1259 3992 satale

111 4027 276 4110 quoddam
287 4025 397 4088 suturae
412 4023 632 4108 proscriptionis
647 4045 747 4086 omen.
781 4024 868 4085 llum
882 4021 947 4084 haec
963 4023 994 4082 in
1008 4021 1092 4082 Italia
1103 4032 1260 4104 geruntur,

112 4113 314 4176 Mithridates
325 4133 376 4174 rex
387 4111 775 4184 PontiAsramintravit,ubi
786 4111 896 4173 unadie
907 4111 938 4170 in
951 4108 1139 4171 urbibuauno
1147 4104 1260 4167 nuncio

115 4203 149 4264 δι
160 4209 222 4267 und
234 4197 448 4286 significatione
460 4199 612 4264 literarum
624 4199 702 4266 cives
713 4199 805 4262 Rom.
817 4220 923 4262 omues
934 4198 1084 4261 necandos
1093 4193 1259 4278 imperavit.
