2825 4775
457 240 518 309 DE
539 236 805 307 SENEOE'UTE·
873 240 877 248 ’
1147 246 1207 305 521

68 383 122 458 fet,
134 378 293 443 Centhone
316 374 532 458 Tuditanoque
560 370 753 447 Consulibus,
779 369 872 453 usque
887 370 925 433 ad
939 370 1170 435 adolescentiam

69 489 165 531 meam
181 464 320 551 proceffit
333 476 430 527 aetate.
475 462 559 547 Quid
575 460 613 522 de
626 459 663 522 P.
681 458 793 522 Licinii
807 456 899 521 Craffi
927 462 957 521 ἃ
973 456 1120 543 pontificii
1137 462 1168 524 sn

66 552 158 619 civilis
169 554 248 641 juris
258 552 358 615 studio
371 548 494 633 loquar?
510 564 562 611 aut
577 548 614 610 de
629 546 721 634 hujus
735 546 771 608 P.
786 545 948 631 Scipionis,
963 546 1016 629 qui
1029 546 1077 609 his
1091 552 1215 631 pau-45

68 641 114 706 cis
125 642 231 704 diebm
244 638 386 703 Pontifex
401 637 556 700 Maximus
570 634 672 697 fanus
686 633 748 697 est?
779 634 878 718 Atqui
892 654 944 695 eos
958 654 1074 711 omnes,
1093 656 1175 721 quos

67 728 316 803 commemoravi,
327 726 374 789 his
382 723 488 787 studiis
498 724 661 809 flagrantes
671 719 756 783 senes
770 722 914 783 vidimus.
959 720 1008 782 M.
1023 742 1095 783 vero
1110 722 1173 786 Ce-
1208 718 1213 729 ’

66 816 205 903 thegum,
230 836 323 900 quem
333 813 415 878 resld
430 811 541 875 Suadae
553 809 719 872 medullam
734 807 810 868 dixit
825 806 951 883 Ennius,
981 821 1094 891 quanto
1109 808 1174 873 stu·

67 904 118 966 dio
132 903 263 967 exerceri
277 902 308 964 in
323 901 453 965 dicendo
467 897 654 971 videbamus,
683 894 775 957 etiam
789 894 905 957 senem!
938 894 1018 980 Quae
1033 894 1102 957 sunt
1116 898 1172 982 igi-

64 1004 114 1053 tur
137 992 306 1075 epularum,
328 1001 381 1052 aut
394 986 551 1061 ludorum,
580 998 633 1045 aut
650 980 818 1044 scortorum
841 983 1008 1065 voluptates
1023 1002 1094 1044 cum
1120 982 1216 1047 hisso

66 1078 268 1163 voluptatibus
290 1069 520 1159 comparandae?
550 1071 655 1155 Atque
677 1069 743 1132 haec
758 1068 881 1151 quidem
900 1068 996 1132 studia
1024 1069 1171 1135 dosirinae

64 1165 275 1249 prudentibus,
301 1167 331 1226 ἃ
355 1162 434 1223 bene
452 1158 594 1222 institutis
616 1157 727 1242 pariter
755 1176 827 1219 cum
854 1170 942 1219 aetate
964 1156 1114 1221 crescunt:
1137 1172 1172 1223 ut

64 1252 226 1315 honestum
247 1249 324 1312 illud
348 1246 468 1310 Solonis
488 1247 534 1322 sit,
560 1245 642 1327 quod
657 1244 698 1305 ait
721 1243 865 1319 yerfieulo
880 1244 1023 1326 quodam,
1054 1257 1088 1307 ut
1102 1259 1173 1308 ante

59 1338 136 1414 dixi,
160 1336 311 1400 senescere
331 1334 360 1397 se
389 1334 485 1396 multa
499 1330 829 1396 indiea'addiscentem:
841 1336 900 1414 qual
910 1334 1063 1416 voluptate
1077 1334 1176 1396 aninri

79 1425 167 1487 nulla
180 1413 262 1486 certe
276 1420 373 1506 potest
388 1420 445 1484 effe
459 1423 564 1508 major.
1173 1426 1216 1484 55

110 1509 177 1573 XV
177 1555 186 1572 .
201 1509 304 1573 Venio
329 1530 411 1573 nunc
427 1508 464 1572 ad
474 1511 644 1592 voluptates
656 1506 866 1592 agricolarum,
881 1504 991 1589 quibus
1007 1528 1064 1593 ego
1075 1508 1173 1571 incre-
1198 1515 1212 1569 t

65 1597 204 1661 dibiliter
223 1596 372 1672 deleflon
399 1617 467 1680 quae
482 1618 538 1661 nec
554 1596 613 1657 ulls
633 1594 840 1678 impediuntur
858 1592 1024 1672 senestute,
1052 1598 1082 1659 ds
1098 1594 1174 1658 mihi

64 1686 106 1749 ad
127 1683 269 1769 sapientis
289 1685 383 1747 vitam
405 1684 540 1768 proximi
563 1682 705 1745 videntur
726 1682 882 1745 accedere:
904 1680 1016 1744 habent
1031 1683 1112 1745 enirn
1127 1704 1174 1745 ra-

63 1774 185 1836 tionem
200 1792 273 1835 cum
282 1769 373 1848 terra,
387 1792 457 1856 quae
471 1776 629 1854 nunquam
643 1767 759 1833 recusat
773 1768 944 1854 imperium,
967 1791 1024 1832 nec
1039 1779 1174 1855 unquam

64 1860 132 1923 line
156 1857 247 1925 usuras
268 1858 378 1936 reddit,
403 1859 486 1942 quod
512 1858 638 1940 accepit,
667 1856 719 1919 sed
744 1857 815 1918 alias
838 1855 965 1931 minore,
993 1858 1174 1942 plerumque
1197 1864 1217 1922 5

65 1949 189 2033 majore
204 1968 275 2010 cum
288 1946 423 2009 foenores
445 1966 620 2031 quanquam
642 1964 693 2007 me
711 1943 835 2026 quidem
850 1965 912 2006 non
927 1942 1047 2009 fruetus
1070 1946 1174 2023 modd,

64 2034 120 2098 sed
131 2032 224 2097 etiam
240 2033 330 2118 ipsius
345 2049 433 2097 terrae
455 2034 511 2109 vis,
537 2054 571 2095 ac
586 2045 693 2094 natura
706 2030 852 2107 deledlat5
876 2054 945 2115 quae
960 2054 1031 2095 curn
1057 2034 1173 2119 gremio
1250 2024 1258 2047 ⁴

61 2123 188 2185 mollito
202 2143 237 2185 ac
255 2118 380 2184 sobasio
392 2120 494 2183 femen
505 2120 637 2205 sparsum
652 2119 781 2202 excepit,
799 2119 930 2201 primum
944 2118 975 2181 id
989 2136 1175 2183 occaecatum

62 2209 207 2284 cohibet,
234 2230 272 2271 ex
288 2230 350 2292 quo
364 2208 491 2283 occatio,
517 2227 586 2290 quae
609 2205 681 2286 hoc,
695 2206 798 2280 efficit,
821 2206 974 2267 nominata
985 2206 1040 2269 est:
1065 2207 1175 2269 deinde

62 2293 261 2380 tepefadlum
275 2315 384 2378 vapore
398 2298 427 2358 a
440 2294 607 2378 compressu
631 2292 686 2355 suo
697 2291 837 2368 diffindit,
864 2296 893 2355 δι
906 2292 986 2355 elicit
996 2291 1171 2356 herbescen-
1180 2302 1219 2357 10

62 2400 133 2448 tem
156 2406 194 2446 ex
215 2405 252 2446 eo
274 2382 470 2460 viriditatem
495 2403 564 2466 quae
589 2380 659 2444 nixa
679 2379 762 2444 fibris
787 2379 924 2464 stirpium
941 2380 1046 2443 sensim
1075 2382 1177 2444 adole·

61 2473 135 2548 scit,
162 2473 326 2553 culmoque
355 2469 457 2533 etesia
481 2471 664 2554 geniculato,
692 2467 807 2554 vaginis
827 2469 891 2554 jam
907 2467 987 2551 quast
1010 2468 1176 2552 pubescens

62 2559 247 2635 includitur,
273 2557 417 2641 siquibus
431 2578 503 2620 cum
517 2556 680 2632 emerserit,
705 2554 807 2618 fundit
821 2555 941 2642 frugem
962 2555 1044 2639 spici,
1071 2557 1177 2618 ordine

66 2647 234 2722 structam,
251 2646 512 2709 &concamium
526 2645 680 2707 minorum
709 2643 824 2705 morsus
835 2645 971 2706 munitur
984 2644 1062 2706 vallo
1076 2642 1177 2706 arista-

63 2756 153 2798 rum.
199 2733 286 2820 Quid
300 2755 358 2819 ego
371 2733 479 2795 vitium
495 2731 585 2807 satus,
603 2746 698 2806 ortus,
723 2732 908 2794 incrementa
918 2730 1172 2794 commemorem?
1182 2739 1221 2794 15

62 2821 172 2885 satiari
185 2820 385 2884 delectatione
396 2842 458 2882 non
473 2819 602 2904 possum,
621 2832 656 2881 ut
670 2839 746 2880 meae
767 2817 932 2881 senectutis
942 2820 1109 2902 requietem
1122 2819 1177 2881 ob-

63 2910 318 2991 le&amenmque
343 2907 536 2991 pernoscatis.
581 2905 702 2968 Omitto
731 2907 813 2968 enim
835 2908 897 2968 rim
910 2905 1006 2990 ipsam
1026 2907 1175 2982 omnium,

67 3017 147 3082 quae
159 3010 340 3080 generantur
354 2997 370 3055 ὲ
385 3001 476 3058 terri:
502 3015 571 3077 quae
592 3017 630 3056 er
654 2993 706 3056 fici
720 2995 837 3056 tantulo
852 3015 957 3078 grano,
982 3007 1035 3057 aut
1057 3017 1094 3057 ex
1118 2995 1179 3057 aci-

61 3105 111 3148 no
135 3082 272 3157 vinaceo,
299 3097 351 3144 aut
374 3104 411 3144 ex
426 3096 602 3144 caeterarum
618 3081 743 3166 frugum
763 3104 797 3145 ac
817 3081 953 3164 stirpium
977 3079 1178 3144 minutissimis

63 3167 254 3254 seminibus
279 3181 378 3230 tantos
397 3182 520 3233 truncos
533 3168 691 3252 manusque
705 3184 853 3252 procreat:
883 3169 1024 3244 malleoli,
1053 3169 1223 3252 plantaesto

62 3257 235 3331 sarmenta,
258 3254 442 3332 viviradices,
467 3256 657 3340 propagines,
682 3275 783 3319 nonne
798 3277 833 3319 ea
852 3255 998 3331 efficiunt,
1024 3270 1058 3317 ut
1073 3277 1180 3337 quem-

63 3346 117 3410 vis
141 3364 214 3407 cum
238 3341 434 3405 admiratione
459 3341 630 3406 delessent?
658 3342 742 3406 Vitis
767 3344 902 3426 quidem,
926 3365 994 3426 quae
1012 3349 1117 3405 natura
1131 3365 1180 3405 ca·
1229 3388 1233 3398 .

63 3435 156 3496 duca
176 3428 230 3506 est,
263 3434 292 3494 ἃ
309 3429 363 3491 nifi
378 3429 455 3491 fulta
469 3429 515 3505 sit,
536 3430 575 3493 ad
591 3444 705 3492 terram
720 3429 830 3506 fertur3
856 3431 973 3506 eadem,
989 3443 1022 3492 ut
1037 3429 1067 3492 fe
1087 3429 1181 3515 erigat

65 3517 231 3584 claviculis
242 3516 314 3593 suis,
339 3516 421 3603 quast
436 3516 587 3592 manibus,
611 3517 757 3600 quicquid
771 3517 815 3580 est
830 3517 930 3593 nasia,
959 3517 1181 3602 complectitur:

63 3627 171 3692 quam
185 3604 354 3688 serpentem
366 3603 528 3689 multiplici
542 3603 625 3688 lapsu
642 3607 672 3667 &
688 3604 826 3679 erratico,
841 3604 920 3668 ferro
941 3620 1101 3688 amputans
1125 3613 1223 3670 co-sd

66 3708 162 3759 ercet
175 3713 223 3754 ars
237 3691 447 3776 agricolarum,
474 3713 513 3756 ne
528 3689 659 3753 filvescat
673 3689 841 3766 sarmentis,
872 3696 901 3756 ἃ
918 3692 949 3754 ἱη
964 3713 1070 3757 omnes
1084 3709 1183 3778 partes

66 3781 174 3846 nimia
196 3778 351 3841 fundatur.
395 3779 501 3864 ltaque
523 3780 647 3843 ineunte
675 3799 744 3841 vere
769 3777 800 3840 in
824 3780 871 3856 iis,
894 3801 962 3862 quae
977 3781 1083 3844 relibla
1102 3780 1182 3855 sunt,
1231 3823 1237 3831 .

67 3866 182 3935 existit
203 3881 348 3949 tanquam
363 3866 400 3930 ad
417 3866 558 3932 articulos
572 3866 790 3929 sarmentorum
810 3887 856 3940 ea,
881 3889 949 3950 quae
968 3890 1088 3952 gemma
1109 3865 1184 3928 dici-

66 3972 143 4020 tur:
166 3959 183 4015 ὲ
208 3975 269 4034 quo
294 3952 394 4015 oriens
422 3976 479 4016 uva
498 3953 558 4017 sese
581 3953 724 4017 ostendit:
746 3975 814 4036 quae
831 3957 861 4016 &
882 3953 971 4017 succo
984 3971 1070 4017 terrae
1088 3956 1117 4014 sc
1134 3973 1184 4015 ca-

70 4047 149 4108 lore
172 4037 242 4102 solis
256 4037 418 4124 augescens
439 4043 535 4126 prima
557 4040 600 4103 est
624 4039 783 4124 peracerba
806 4040 937 4124 gustatu,
961 4041 1069 4102 deinde
1084 4045 1230 4102 matu-80

67 4143 146 4195 rata
171 4126 326 4189 dulcescit:
347 4124 511 4212 vestitaque
534 4127 684 4211 pampinis
707 4148 764 4190 nec
779 4130 899 4191 modico
913 4142 1016 4210 tepore
1031 4141 1123 4200 caret,
1151 4129 1180 4189 dc

69 4214 196 4282 nimios
216 4213 284 4275 solis
309 4213 446 4277 defendit
469 4217 604 4290 ardores3
645 4211 793 4299 quitquid
813 4213 909 4299 potest
924 4214 980 4276 esse
995 4234 1066 4274 cum
1081 4210 1186 4276 frusta

72 4302 196 4382 laetius,
210 4316 277 4367 tum
292 4300 415 4389 aspectu
438 4299 609 4388 pulchrius?
633 4303 721 4390 cujus
736 4303 859 4385 quidem
874 4322 935 4364 non
951 4299 1062 4365 utilitas
1077 4321 1125 4365 nte
1141 4299 1187 4365 so-
