2825 4775
183 248 274 311 xxviii
518 245 566 308 M.
588 242 739 309 TULLII
759 240 988 306 CICERONIS

183 380 397 463 spectarentur,
410 376 521 440 veritus
536 375 655 451 Cicero,
665 396 704 438 ne
715 377 753 437 ad
767 395 872 459 pacem
886 374 1015 437 Senatus
1024 372 1190 450 inclinaret,
1198 373 1309 457 Philip-

184 466 251 551 pici
260 462 382 547 septimi
390 485 494 546 pacem
503 461 642 526 dissuasit:
671 460 781 525 ateium
796 464 884 545 plena
894 460 1037 545 superbiae
1048 460 1185 543 responsa
1198 460 1311 525 retulis-

184 554 258 628 sent,
281 554 429 613 tumultus
445 549 462 613 b
476 551 588 613 Senatu
608 549 745 611 decretus
759 549 814 623 est,
836 546 907 611 edm
921 546 992 610 belli
1006 568 1117 609 nomen
1135 548 1311 631 quibusdam
1402 563 1403 566 ’

183 662 244 701 non
259 640 400 721 placeret:
423 640 504 721 quod
519 636 537 701 a
554 636 700 699 Cicerone
714 631 883 720 Philippici
894 630 1002 697 octava
1024 634 1236 717 reprehensum
1259 634 1311 699 est.

183 726 304 809 Deinde
323 728 391 787 clim
406 724 436 786 in
452 724 554 787 senatu
569 738 706 808 ageretur
720 724 759 787 de
772 722 907 785 ornando
916 722 982 786 Ser.
996 721 1141 805 Sulpicin,
1155 723 1210 805 qui
1225 723 1258 784 in
1272 724 1314 785 le·

183 813 304 897 gatione
320 811 443 887 obidrat,
457 812 656 895 Philippicam
668 832 779 875 nonam
788 810 902 873 habuit.

202 966 204 971 ,
227 899 274 961 Μ.
287 900 398 961 Brutus
407 920 485 963 anno
496 898 644 982 superiore
653 920 690 959 ex
699 899 784 959 ltalia
794 898 825 959 in
835 897 987 961 Graeciam
997 895 1163 981 profestus,
1179 894 1316 959 Athenas

183 985 276 1061 venit,
292 988 342 1048 ubi
358 986 468 1049 multos
484 988 597 1049 nobiles
612 985 811 1049 adolescentes
826 985 878 1047 libi
891 985 1037 1069 adjunxit.
1080 984 1117 1047 In
1130 982 1176 1045 h‘n
1192 981 1252 1046 suit
1266 982 1314 1045 M.

185 1072 340 1137 Ciceronis
356 1073 447 1149 filius,
470 1096 562 1157 quem
577 1073 699 1135 summis
714 1072 852 1135 laudibus
866 1085 987 1155 propter
1001 1071 1111 1133 multas
1124 1072 1260 1145 virtutes,
1282 1084 1317 1132 ut

184 1159 284 1224 scribit
297 1160 487 1237 Plutarchus,
510 1164 621 1224 Brutus
639 1159 790 1239 efferebat.
834 1160 928 1222 Hunc
943 1160 993 1221 ille
1007 1158 1108 1221 secum
1122 1157 1154 1222 in
1171 1157 1318 1221 Macedo-

184 1248 266 1309 niam
278 1250 374 1325 duxit,
390 1271 451 1331 quo
460 1252 558 1334 legato
569 1249 639 1311 usus
652 1248 747 1310 multa
756 1246 884 1313 feliciter
894 1245 986 1333 gessit.
1029 1245 1126 1307 Venit
1139 1244 1229 1329 igitur
1240 1244 1318 1307 Bru·

159 1346 161 1351 '
184 1348 234 1399 tus
250 1337 281 1399 in
293 1336 503 1399 Macedoniam
519 1341 587 1398 curn
602 1336 639 1399 C.
656 1335 809 1397 Antonius
823 1335 922 1397 Marci
935 1333 1026 1395 stater
1037 1333 1080 1417 Q.
1095 1331 1256 1395 Hortensio
1265 1332 1318 1394 de-

186 1423 305 1485 cedenti
317 1422 495 1485 succederet.
540 1422 601 1483 Sed
610 1422 789 1483 Hortensius
811 1424 977 1485 exercitum
985 1420 1080 1483 Bruto
1089 1420 1181 1481 dedit.
1222 1418 1318 1503 Legio

184 1506 268 1583 verb,
291 1531 382 1591 quarn
397 1509 433 1569 L.
455 1508 524 1569 Piso
542 1508 673 1590 Legatos
689 1508 817 1569 Antonii
831 1510 971 1585 ducebat,
985 1509 1124 1571 Ciceroni
1139 1506 1202 1569 filio
1216 1505 1245 1568 se
1259 1519 1319 1567 tra·

186 1595 276 1671 didit;
302 1616 369 1677 pars
384 1594 546 1676 equitatim,
565 1594 617 1675 qui
632 1595 663 1655 in
678 1592 795 1677 Syriam
810 1594 986 1671 ducebatur,
1011 1596 1049 1656 ad
1063 1596 1192 1657 Brutum
1206 1592 1235 1656 se
1246 1614 1320 1655 con·

185 1680 267 1743 tulit:
283 1698 398 1764 partem
409 1683 532 1745 alteram
554 1682 592 1742 ad
610 1679 638 1742 se
654 1680 712 1743 Cn.
730 1679 886 1741 Domitius
897 1680 1033 1742 abduxit:
1046 1680 1082 1741 P.
1098 1680 1250 1754 Vatinius,
1265 1680 1320 1763 qui

185 1766 409 1853 Dyrrhachium
423 1780 630 1852 occupaverat,
644 1781 744 1850 portas
758 1766 853 1827 Bruto
864 1766 989 1850 aperuit,
1002 1770 1033 1827 ἃ
1048 1767 1214 1827 exercitum
1228 1768 1322 1829 tradi-

186 1855 240 1918 dit.
285 1856 344 1917 His
359 1857 396 1919 de
410 1855 499 1919 rebus
514 1856 626 1917 Brutus
640 1855 740 1915 literas
757 1852 876 1937 publice
891 1852 979 1927 misit,
998 1872 1071 1933 quas
1085 1849 1179 1911 Pansa
1193 1850 1320 1927 Consul,

186 1942 307 2003 laudato
324 1943 429 2017 Bruto,
445 1943 476 2003 in
491 1941 603 2007 Senatu
618 1940 762 2003 recitavit.
807 1940 849 2025 Q.
872 1939 977 2001 Fusius
990 1950 1112 2022 rogatus
1130 1936 1320 2013 sententiam,

186 2028 316 2091 Brutum
337 2030 532 2113 oppugnavit:
569 2042 672 2090 contra
697 2048 790 2109 quem
813 2026 922 2089 Cicero
946 2024 1145 2109 Philippicam
1170 2024 1320 2087 decimam
1402 2089 1403 2102 χ

159 2182 163 2189 ,
187 2115 271 2175 dixit.
316 2116 352 2178 C.
370 2116 521 2177 Antonius
536 2115 589 2199 qui
600 2114 629 2176 se
641 2114 835 2200 Apolloniam
843 2127 994 2195 receperat
1008 2134 1079 2175 cum
1090 2111 1202 2193 septem
1213 2110 1322 2176 cohor·
1402 2191 1403 2198 ἵ

187 2200 281 2277 tibus,
301 2200 484 2265 Buthrotum
513 2202 710 2277 contendens,
735 2217 796 2264 tres
819 2200 925 2275 amisit,
953 2221 1022 2283 quae
1041 2206 1057 2261 *a
1073 2200 1169 2261 Bruto
1193 2197 1321 2261 concisae

187 2287 268 2349 sunt:
305 2288 410 2351 verbm
443 2289 545 2372 praelio
571 2311 641 2351 cum
668 2289 815 2351 Cicerone
836 2288 899 2348 filio
920 2287 958 2349 ad
979 2286 1126 2370 Byllidem
1156 2285 1322 2361 commisso,
1402 2289 1403 2304 ¹

185 2375 284 2438 nisius
295 2376 326 2437 in
338 2377 423 2440 Bruti
431 2374 607 2460 potestatem
621 2376 712 2440 venit.
756 2374 835 2438 Cdm
844 2373 996 2436 Antonius
1025 2372 1218 2457 Apolloniam
1236 2385 1324 2436 tene·

187 2479 244 2540 rer,
266 2479 333 2525 ante
348 2464 416 2526 Kal
439 2467 514 2548 Apr.
531 2465 654 2526 allatum
668 2463 727 2525 fuit
738 2463 775 2524 de
785 2476 881 2524 morte
891 2460 1048 2536 Trebonii,
1057 2482 1149 2544 quem
1164 2458 1325 2522 Dolabella

188 2550 327 2636 Smyrnae
338 2551 509 2614 verberibus
521 2550 552 2613 in
567 2549 900 2632 quaestioneintersecit.
944 2548 1049 2611 Hostis
1068 2545 1229 2613 Dolabella
1240 2545 1325 2610 ἑδε-

79 2701 81 2706 .
188 2641 265 2700 natu‘
271 2639 421 2722 judicatus
435 2637 489 2714 est,
504 2643 531 2702 &
546 2637 649 2701 adium
660 2638 697 2698 de
713 2637 889 2720 imperatore
901 2637 1069 2721 deligendo.
1114 2634 1221 2698 Cicero
1235 2655 1269 2696 ro
1309 2673 1325 2686 -

188 2739 238 2787 tus
253 2725 427 2787 sententiam
442 2726 640 2808 Philippicam
660 2720 852 2786 undecimam
866 2723 952 2798 dixit,
971 2722 1145 2805 censuitque
1160 2735 1194 2783 ut
1208 2657 1326 2785 Cauiis

68 2831 71 2848 ·
187 2810 268 2872 bello
291 2810 478 2873 Dolabellam
498 2811 736 2893 persequeretur:
759 2831 830 2873 cum
845 2823 946 2875 autem
960 2810 1041 2892 pacis
1054 2810 1151 2872 senno
1165 2810 1202 2872 ab
1218 2808 1326 2872 amicis

190 2897 318 2960 Antonii
333 2897 528 2982 spargeretur,
542 2897 670 2960 Senatus
684 2899 798 2982 legatos
813 2899 947 2972 adeum,
962 2896 1140 2960 Ciceronem
1157 2900 1186 2960 &
1201 2895 1237 2958 P.
1252 2894 1326 2958 Ser-

188 2983 295 3044 vilium
310 2983 455 3046 decrevit:
470 2983 521 3046 sed
538 2983 643 3045 habuit
662 2982 774 3046 Cicero
788 2984 999 3045 duodecimam
1016 2983 1226 3066 Philippicam,
1262 2987 1327 3065 qud

189 3069 327 3132 inutilem
346 3071 427 3132 illam
447 3071 503 3134 esse
523 3072 713 3155 legationem,
731 3069 821 3152 seque
838 3070 937 3131 minus
951 3070 1096 3132 idoneum
1115 3070 1172 3132 esse
1190 3071 1326 3155 legatum

189 3156 328 3220 ostendit.
362 3157 465 3234 Pansa,
479 3158 565 3220 initio
577 3157 683 3234 merrsrs
695 3158 819 3240 Aprilis,
834 3159 872 3220 ad
881 3156 995 3220 bellum
1004 3156 1154 3239 profesto,
1164 3159 1212 3220 M.
1223 3157 1327 3218 AEmi-

188 3243 247 3306 lius
258 3245 391 3329 Lepidus
403 3245 535 3307 Romam
550 3245 587 3306 ad
596 3243 744 3307 Senatum
758 3243 846 3320 mifit,
865 3265 956 3328 quem
971 3246 1009 3307 ad
1023 3265 1128 3328 pacem
1139 3267 1210 3309 cum
1224 3248 1327 3307 Anto·

189 3331 241 3392 nio
252 3331 420 3395 faciendam
432 3333 602 3395 cohortatus
614 3333 666 3394 est.
701 3331 795 3393 Multi
809 3351 914 3415 pacem
923 3329 1086 3407 suaserunt,
1098 3330 1182 3415 qubd
1192 3333 1328 3396 incertus

189 3415 260 3480 belli
271 3421 368 3482 exitus
389 3421 548 3483 videretur.
592 3419 712 3482 Tullius
723 3435 844 3504 rogatus
858 3419 1045 3495 sententiam,
1060 3418 1257 3503 Philippicam
1271 3421 1328 3482 de·

190 3505 301 3566 cimam
320 3509 438 3570 tertiam
460 3508 545 3584 dixit,
568 3527 638 3569 eum
658 3507 806 3581 Antonio,
830 3510 859 3569 a
877 3507 1176 3590 Antonianispacem
1191 3507 1327 3569 essenon

190 3593 271 3674 posse
282 3595 403 3656 docens.
435 3593 514 3656 Clam
525 3595 613 3656 multi
628 3595 665 3656 de
675 3591 798 3656 Morini
811 3592 1012 3676 desperarent,
1026 3593 1195 3677 optatissimi
1210 3595 1328 3670 nuncii,

194 3683 222 3740 8<
236 3680 329 3743 literae
340 3683 378 3743 de
392 3681 515 3744 vidioril
530 3681 695 3744 Mutinensi
710 3678 866 3757 vendrunt,
881 3702 942 3764 quo
955 3697 1092 3765 tempore
1106 3681 1238 3742 maximo
1252 3702 1329 3743 con-

190 3766 280 3828 cursu
296 3768 333 3829 ad
349 3769 527 3831 Ciceronem
547 3769 713 3832 multitudo
727 3769 820 3843 venit,
832 3772 849 3829 a
862 3774 922 3850 qui
933 3769 963 3830 in
975 3768 1160 3852 Capitolium
1175 3767 1256 3849 quasi
1272 3769 1328 3829 tri-

192 3854 340 3935 umphans
355 3855 504 3919 dedudtus
526 3854 580 3930 est,
605 3855 736 3937 inddque
755 3856 787 3917 in
805 3854 923 3919 Rostris
940 3857 1113 3931 collocatus,
1138 3855 1265 3916 domum
1279 3877 1328 3918 re-

191 3940 304 4003 dudlns
319 3942 370 4003 est.
415 3943 493 4005 Haec
516 3943 640 4025 exponit
658 3941 767 4006 Cicero
780 3941 947 4025 Philippici
961 3939 1078 4006 decimi
1092 3944 1209 4024 quarti,
1221 3942 1253 4002 in
1268 3948 1329 4023 qud

191 4025 421 4112 supplicationes
443 4027 634 4105 Consulibus,
660 4035 689 4094 ἃ
712 4029 822 4092 Caesari
843 4031 995 4092 decernit·
1030 4029 1154 4091 Interim
1173 4027 1328 4090 Antonius

191 4113 266 4199 fugi
280 4117 468 4201 transgressus
484 4117 578 4200 Alpes
590 4119 639 4202 spe
651 4115 785 4201 primum
799 4117 941 4199 colloquii
962 4115 1097 4200 repulsus
1107 4117 1149 4180 est
1165 4113 1327 4197 alepidoa

192 4223 263 4268 mox
273 4202 380 4292 saepius
389 4205 421 4270 in
435 4204 777 4294 conspestummilitum
791 4204 924 4296 veniens,
941 4203 1112 4298 'amilitibus
1125 4202 1325 4288 receptusest.
