2825 4775
426 201 453 237 st

603 277 858 349 DEDICATIO

159 452 281 540 operibus
310 448 417 515 Grecis
439 459 467 513 et
490 424 608 547 Latinis
628 430 822 533 imprimendis
846 393 1022 522 versarmur,
1057 445 1316 529 susciperestatui-

145 589 235 644 smus,
249 574 386 653 quantum
400 549 445 625 ies
463 542 600 647 posceret,
622 568 679 624 aut
697 552 772 623 nobs's
799 570 935 631 uacaret3
965 580 1025 621 non
1041 556 1114 643 quod
1138 558 1309 640 nosmetipsos

154 692 216 765 pre
226 676 329 738 ceteris
339 675 442 738 idoneos
448 673 629 758 putabamus,
642 671 692 737 sed
699 670 773 757 quod
778 670 954 747 verebamur,
968 692 1004 733 ne
1013 670 1087 733 nobis
1096 667 1310 732 detrectantibus

161 788 213 852 alii
235 788 329 853 minus
342 784 429 849 idonei
451 782 664 874 ssqfficerentur,·
702 806 756 846 non
776 782 850 869 quod
870 782 964 849 laudii
983 781 1190 867 aliquantulum
1215 780 1312 869 exinde

157 896 309 981 preripere
321 895 504 979 cupiebamus,
524 892 574 958 sed
585 892 658 979 quod
667 892 787 976 ennnplo
803 905 894 957 namra
905 894 974 957 alios
997 894 1129 979 quosdam
1150 890 1314 955 eruditiores

151 1004 206 1067 'ad
223 1003 332 1069 similia
349 1006 454 1089 incepta
474 1004 596 1067 excitare
609 1002 777 1069 volebamusa
822 1004 866 1068 Ut
888 1004 979 1088 apellis
992 1005 1095 1073 nostris
1116 1000 1315 1086 prodeuntibus
1412 1028 1413 1101 ἐ

111 1179 113 1187 q
165 1136 198 1179 eo
212 1112 290 1201 fides
317 1112 474 1191 domemur,
494 1110 555 1201 que
577 1114 617 1185 ad
628 1116 916 1199 earumacceptionem
936 1116 1128 1195 mutilitatem
1147 1134 1317 1177 mmnusnem

166 1221 383 1303 desideraretur,
397 1248 460 1293 cum
474 1226 528 1309 ipsi
545 1226 789 1309 obscurijessemus,
813 1236 840 1287 et
855 1226 886 1288 in
901 1248 933 1287 re
947 1226 1077 1288 literaria
1084 1240 1192 1309 porum
1205 1224 1318 1309 cogniti,
1412 1218 1413 1255 l

112 1330 114 1335 ¹
168 1360 261 1401 eorum
269 1339 457 1420 patrocinium
471 1360 592 1421 querere
610 1338 794 1429 imtituimus,
816 1338 866 1421 qui
878 1338 999 1400 scientiis
1012 1337 1209 1401 liberalibuset
1226 1335 1319 1398 literis
1412 1396 1413 1415 ,

169 1448 468 1531 bumaniorib'usapud
484 1470 530 1509 nos
553 1450 674 1509 maxime
687 1448 795 1533 florere
813 1450 1051 1515 existimarentur.
1103 1448 1152 1511 Ab
1165 1447 1319 1511 bocoutem
1412 1480 1413 1489 ¹

172 1560 290 1635 consilio,
315 1570 342 1620 et
366 1558 400 1621 ab
412 1556 568 1643 hujusmodi
591 1556 767 1640 epistolarum
788 1560 935 1639 scriptione
953 1560 1027 1624 abmt
1047 1560 1140 1643 turpis
1152 1559 1321 1622 adulationis

150 1661 153 1669 ¹
174 1667 299 1750 suspicio,
321 1668 403 1749 quasi
418 1666 459 1725 bu
473 1664 600 1731 minuitas
621 1663 764 1728 commodis
772 1666 900 1749 privatis
909 1668 1119 1744 consuleremus,
1141 1692 1204 1732 cum
1218 1690 1320 1731 revera
1412 1660 1413 1719 l

176 1776 256 1839 rebus
283 1775 420 1838 litorariis
441 1787 468 1837 et
492 1775 690 1863 typographicis
702 1774 844 1838 duntaxat
856 1778 965 1838 servire
987 1776 1129 1837 vellemus.

223 1888 297 1951 Cum
316 1886 349 1951 de
363 1888 493 1969 patronis
514 1886 665 1971 querendis
685 1889 878 1972 cogitaremus,
896 1886 1084 1971 gaudebamus
1107 1886 1220 1948 minime
1238 1886 1270 1947 ob
1293 1888 1328 1949 id
1412 1944 1413 1947 ,

178 2001 252 2068 nobis
260 1997 497 2083 peregrinandum
508 2020 577 2068 essef
602 1998 840 2081 quandoquidem'
829 2022 859 2061 ns
873 1998 927 2061 hac
938 2000 1064 2073 civitate,
1078 1998 1156 2059 intra
1170 1998 1260 2080 ipsum
1270 1996 1326 2060 hu-

171 2112 226 2213 jus
240 2110 317 2173 urbis
334 2110 507 2193 pomoerinm,
536 2106 656 2169 homines
670 2110 788 2210 reperiri
795 2120 925 2191 poterant
947 2107 1026 2190 ampl
1023 2108 1122 2185 issimi,
1142 2098 1327 2185 ornatissimi,
1412 2106 1413 2111 '

181 2232 209 2281 et
222 2218 426 2303 spectatissimi,
441 2218 490 2303 qui
507 2236 566 2277 cam
577 2222 725 2299 personam
739 2217 836 2299 optines
848 2215 1066 2301 dsgnssssmeque
1069 2218 1258 2289 sustinerent
1281 2218 1329 2278 in·

103 2403 108 2416 ¹
181 2343 226 2394 tes
235 2352 327 2414 eosque
340 2326 510 2392 nonnulli
478 2328 538 2388 vrri
548 2328 660 2410 egregii,
675 2326 735 2409 qui,
748 2347 812 2389 cum
822 2327 930 2410 ingenii·
939 2338 967 2389 et
979 2324 1154 2390 manna
1117 2351 1140 2411 g
1149 2321 1209 2390 orio
1222 2340 1330 2393 emeras

183 2439 425 2524 supereminerent,
446 2429 520 2512 curn,
535 2435 592 2496 viis
615 2435 694 2498 teit1's
707 2434 822 2510 relictis,
842 2434 958 2518 locisque
985 2427 1164 2519 Philosopbie
1185 2439 1333 2520 penitmi·
1412 2523 1413 2526 Ἴ

184 2545 235 2632 ¹bus
247 2547 372 2621 tentatis,
393 2545 572 2610 scientiarum
582 2543 662 2628 fines
676 2544 725 2606 v'cl
737 2545 840 2607 certius
860 2545 1012 2628 explorare,
1034 2545 1083 2611 vel
1095 2545 1231 2630 preclare
1250 2569 1333 2608 cona·
1412 2531 1413 2542 ἵ

185 2669 287 2719 rentur
305 2655 459 2742 prolatare,
480 2653 583 2718 labores
596 2665 689 2718 tamen
712 2665 827 2732 nastros,
849 2668 986 2739 utcunque
998 2651 1126 2729 humiles,
1148 2653 1223 2716 modo
1240 2655 1333 2734 utiles,

147 2753 150 2760 ¹
185 2761 378 2850 benignissime
390 2765 509 2846 aspicere
522 2763 718 2848 dignarentur.
764 2754 839 2826 Cum
848 2771 863 2825 t
871 2760 974 2826 talibus
986 2763 1085 2849 eligere
1102 2763 1243 2848 integrum
1256 2778 1337 2843 esset,

186 2849 422 2962 supervacaneum
437 2895 492 2938 csse
505 2873 648 2950 videatur,
669 2887 696 2936 et
714 2873 870 2937 adulatoris
890 2877 981 2959 ma'gis
1001 2899 1086 2958 quam
1099 2874 1264 2953 laudatoris,
1291 2875 1339 2940 bic

188 2982 1339 3074 clariusapertiusqueostendere,qualemjamconsultissimepraetulerimus.Adula·
1411 3054 1412 3071 ,

187 3099 377 3178 tionisautem
400 3097 513 3186 speciem
530 3093 711 3192 sastisdasius
726 3091 1005 3182 fisgereuideamur,
1042 3097 1099 3158 nisi
1110 3087 1189 3160 suam
1202 3119 1276 3184 'erga
1289 3122 1339 3163 nos

190 3197 362 3294 singularem
370 3207 555 3295 facilitatem,
576 3207 778 3271 humanitatem
791 3219 818 3268 et
831 3207 1032 3292 indulgentiam
1050 3205 1097 3273 hic
1117 3202 1209 3274 animo
1229 3214 1340 3297 gratis·

193 3321 262 3384 simo
285 3343 474 3406 agnoscamus
519 3317 594 3384 Cum
607 3319 641 3382 dc
661 3317 710 3381 lsoc
723 3321 824 3404 negatio
837 3321 931 3382 acturi
943 3330 1032 3403 nuper
1051 3319 1230 3386 tedomitue
1242 3345 1342 3386 convc-
1411 3294 1412 3417 b

194 3431 330 3506 nicaenus,
351 3431 392 3492 ita
406 3442 433 3490 te
444 3441 603 3516 occupatum
618 3429 796 3514 reperimus,
802 3441 834 3491 ut
847 3428 987 3514 deoptats's
1000 3432 1102 3494 nostris
1109 3431 1276 3532 filicissime
1287 3458 1343 3496 au·
1411 3474 1412 3513 3

182 3541 307 3632 gurari
306 3521 407 3600 liceret.
426 3537 460 3602 T
449 3540 486 3601 sbs
496 3559 568 3602 cnun
573 3553 863 3622 supervensmus,cum
871 3539 1062 3605 snbsblsotbeca
1070 3551 1121 3606 tua
1129 3544 1344 3609 ornatissimae
1411 3532 1412 3567 ³

186 3649 377 3732 copiosissima
400 3647 441 3710 ad
468 3647 606 3714 Ciceronis
630 3670 779 3741 sermonem
808 3649 843 3712 de
862 3651 1001 3713 Amicitia
1023 3652 1142 3726 studiose
1164 3653 1343 3733 incumberes,
1411 3694 1412 3703 κ

198 3773 227 3828 et
250 3759 344 3827 divini
366 3763 486 3825 auctoris
513 3761 695 3850 admiratione
722 3763 851 3846 abreptus
874 3761 1053 3840 exclamares,
1081 3787 1114 3826 ea
1141 3765 1250 3828 lectione
1274 3767 1350 3831 nibil

186 3871 423 3974 tibijucnndius,
452 3871 526 3934 nibil
536 3873 700 3962 antiquius
692 3897 757 3936 esse.
781 3870 880 3960 Neque
897 3871 945 3936 hoc
968 3873 1033 3936 adeo
1052 3874 1344 3950 mirum,nisicoetera

180 3992 251 4052 lua
272 3981 367 4048 studia
384 3993 443 4044 tam
458 3985 554 4060 varia,
576 3996 634 4046 tam
649 3983 796 4067 multopl'
759 4007 824 4061 scca,
844 3995 904 4045 tam
918 3981 1055 4047 recondita
1068 3997 1096 4046 et
1107 3985 1237 4050 abstrusa
1246 3997 1346 4059 essens.

191 4097 353 4186 presertim
377 4119 442 4170 cum
468 4095 612 4159 Brnuonis
623 4096 802 4186 disciplina,
835 4095 896 4159 viri
918 4107 947 4157 et
967 4094 1127 4159 Latinitate
1148 4109 1175 4159 et
1199 4095 1350 4161 Medicina

86 4247 94 4270 0
196 4207 439 4300 prestantissimi,
459 4209 589 4280 alumnus
590 4206 701 4304 suesses
714 4203 910 4276 deletiissimus
923 4218 951 4270 et
967 4206 1189 4298 probatissimus.
1246 4206 1351 4299 Perge,
