2825 4775
474 315 534 379 ΒΕ
554 287 819 383 stulterum.
1156 326 1217 385 519

75 452 147 515 dnm
160 448 309 513 senestuti
320 446 458 533 gratiam,
479 469 546 530 quae
557 446 705 523 efficeret,¹
713 460 748 509 ut
762 446 792 508 id
804 468 866 509 non
880 447 996 522 liberet,
1016 451 1099 531 quod
1114 471 1176 513 non
1263 526 1264 531 ἵ

73 551 242 621 oporteret:
264 537 391 620 impedit
400 535 482 599 enim
496 534 652 599 consilium
673 536 823 619 voluptas,
849 535 957 599 rationi
983 535 1104 601 inimica
1119 538 1174 614 est,

73 647 108 689 ac
118 624 242 701 mentis,
258 640 293 687 ut
307 624 416 706 dicam,
441 621 622 709 prestringit
645 624 761 702 oculos,
781 646 838 687 nec
864 623 955 687 habet
975 624 1072 687 ullum
1099 630 1217 689 cum85

73 714 183 776 virtute
211 711 437 775 commercium.
481 710 597 774 Inritus
623 712 747 793 quidem
770 710 841 787 feci,
882 725 915 772 ut
944 710 1090 773 fortissimi
1119 714 1174 781 viri

73 800 112 862 T.
127 800 289 865 Flaminini
315 776 424 885 smsfdm
441 796 478 860 L.
505 798 738 862 Flamininum:
761 798 876 861 Senatu
890 798 1032 883 ejicerem
1057 801 1175 885 septem
1200 817 1206 825 '

72 907 167 951 annos
181 886 259 970 post,
274 908 365 970 quam
380 883 495 951 Consul
509 886 621 949 suisset:
643 884 695 948 sed
710 886 873 949 notandam
888 884 992 970 putavi
1008 885 1173 953 libidinem.

72 974 128 1037 Ille
137 978 233 1050 enirn,
261 979 331 1039 edm
354 976 425 1037 esset
447 971 561 1035 Consul
586 971 618 1033 in
630 971 743 1048 Gallia,
773 987 912 1037 exoratus
934 973 967 1035 in
987 974 1128 1037 convivio
1157 976 1175 1040 ὶ

71 1061 168 1126 scorto
182 1062 237 1139 est,
253 1078 288 1124 ut
306 1062 404 1126 securi
418 1060 521 1123 feriret
535 1059 666 1143 aliquem
680 1080 798 1136 eorum,
814 1060 867 1143 qui
881 1060 913 1121 in
933 1060 1061 1124 vinculis
1081 1063 1219 1129 essentso

69 1150 204 1213 ¹damnati
219 1150 263 1212 rei
277 1150 427 1233 capitalis:
442 1147 503 1222 hic,
528 1147 601 1209 Tito
615 1146 707 1211 fratre
721 1147 775 1211 suo
790 1146 931 1223 Censore‚
947 1149 999 1231 qui
1020 1150 1177 1231 proximus
1201 1169 1208 1213 ·,

71 1253 139 1302 ante
153 1260 205 1301 me
220 1238 331 1312 suerat,
345 1233 462 1319 elapsus
472 1233 529 1299 est:
554 1234 629 1299 mihi
643 1234 717 1299 verb
735 1240 763 1299 ἃ
781 1236 889 1299 Flacco
908 1236 1086 1319 neutiquam
1106 1260 1177 1321 pro·

68 1326 134 1390 bari
153 1324 326 1409 potuittam
339 1322 482 1408 flagitiosa
505 1326 534 1385 ἃ
550 1338 613 1387 tam
635 1325 751 1407 perdita
770 1324 873 1400 libido,
896 1344 964 1407 quae
979 1344 1051 1387 cum
1065 1325 1176 1409 probro

70 1413 187 1500 privato
198 1412 396 1497 conjungeret
411 1410 529 1495 imperii
543 1412 684 1475 dedecus.
1052 1420 1054 1425 ’

115 1498 204 1561 XIII.
226 1497 314 1581 Saepe
334 1499 434 1562 audivi
454 1496 472 1562 a
492 1499 655 1583 majoribus
684 1513 770 1577 natu,
795 1500 848 1583 qui
870 1497 901 1562 se
925 1502 1014 1582 porrb
1028 1520 1139 1581 pueros
1161 1506 1177 1563 l
1202 1510 1215 1565 1

72 1584 194 1650 senibus
205 1586 316 1649 audisse
332 1586 482 1661 dicebant,
497 1587 598 1649 mirari
612 1587 735 1651 solitum
747 1586 784 1651 C.
801 1587 983 1662 Fabricium,
1010 1588 1093 1669 quod
1104 1586 1177 1653 cbm

71 1675 154 1757 apud
175 1696 280 1759 regem
304 1674 455 1761 Pyrrhum
476 1676 592 1759 legatus
616 1677 698 1749 esset,
721 1675 844 1738 audisset
865 1682 881 1738 *a
899 1674 1039 1738 Thessalo
1061 1674 1176 1761 Cynest,

69 1762 130 1825 effe
152 1762 307 1845 quendam
327 1761 468 1838 Athenis,
493 1762 597 1845 quise
620 1763 783 1847 sapientem
806 1763 1011 1849 profiteretur:
1045 1784 1176 1847 eumque
1235 1822 1237 1825 .

71 1849 186 1926 dicere,
199 1851 302 1915 omnia
316 1872 385 1933 quae
396 1850 565 1913 faceremus
579 1852 616 1912 ad
630 1853 816 1937 voluptatem
832 1853 887 1915 esse
898 1848 1067 1913 reserenda:
1094 1852 1176 1933 quod
1199 1860 1219 1915 5

71 1958 110 1998 ex
125 1958 165 2001 eo
178 1939 347 2015 audientes,
369 1938 420 2001 M.
436 1938 565 2001 Curium
587 1943 616 2000 8:
631 1938 671 2001 T.
699 1939 927 2003 Coruncanium
941 1951 1045 2022 optare
1065 1936 1176 2017 solitos,

70 2039 107 2085 ut
124 2026 156 2087 id
165 2024 363 2102 Samnitibus,
382 2026 496 2109 ipsique
506 2026 622 2113 Pyrrho
635 2026 878 2110 persuaderetur;
905 2030 967 2109 qub
982 2024 1100 2089 facilius
1111 2028 1177 2090 rin-

69 2112 98 2177 εἰ
124 2114 252 2197 possent,
275 2112 348 2178 ciam
369 2112 399 2177 se
413 2115 616 2197 voluptatibus
640 2114 793 2177 dedissent.
837 2114 964 2177 Vixerat
986 2112 1034 2175 M.
1064 2114 1176 2180 Curius

70 2221 144 2265 cum
155 2200 191 2264 P.
203 2202 314 2278 Decio,
329 2200 381 2284 qui
399 2202 609 2283 quinquennio
620 2217 689 2264 ante
710 2222 781 2264 eum
803 2201 967 2265 Consulem
990 2200 1019 2263 se
1042 2222 1096 2283 pro
1110 2224 1173 2286 rep.

70 2302 184 2369 quarto
199 2287 370 2352 Consulatu
388 2288 566 2351 devoverat.
600 2288 698 2350 Norat
725 2290 856 2353 eundem
894 2286 1057 2363 Fabricius,
1088 2297 1220 2353 notatio

69 2374 299 2452 Coruncanium
324 2375 469 2459 qui,cum
489 2399 525 2439 ex
551 2372 605 2440 sust
617 2376 687 2453 vite,
702 2390 769 2438 tum
780 2399 821 2440 ex
837 2377 913 2462 ejus,
937 2395 1029 2458 quem
1045 2374 1124 2452 dico,
1139 2376 1176 2440 P.

68 2462 165 2528 Decii
178 2464 273 2542 sadlo,
284 2463 460 2550 judicabant
474 2466 531 2528 effe
555 2464 694 2549 prosedlb
709 2465 822 2548 aliquid
836 2459 942 2527 natur&
956 2462 1117 2547 pulchrum
1132 2480 1177 2528 at·

69 2574 133 2635 que
149 2553 432 2636 praeclarum,quod
454 2552 505 2615 sut
530 2551 634 2636 sponte
656 2565 822 2635 peteretur:
853 2551 1007 2635 quodque,
1030 2550 1124 2635 spretas
1145 2555 1175 2616 ἃ
1256 2591 1262 2600 ·

69 2642 419 2724 contemptsroluptate,
433 2640 566 2724 optimus
578 2639 704 2723 quisque
714 2637 902 2726 sequeretur.
914 2637 1068 2724 Quorsum
1084 2639 1175 2724 igitur

70 2741 136 2792 tam
157 2730 254 2792 multa
272 2729 310 2792 de
327 2725 499 2812 voluptate?
523 2727 674 2811 quianon
691 2731 783 2791 modb
797 2725 976 2812 vituperatio
1000 2725 1094 2802 nulla,
1123 2726 1220 2793 sedis

70 2815 165 2880 etiam
183 2814 302 2878 summa
315 2817 380 2878 laus
399 2813 562 2879 senecintis
576 2815 631 2891 est,
655 2817 737 2899 quod
753 2839 787 2878 ea
797 2817 965 2900 voluptates
980 2815 1077 2877 nullas
1092 2837 1178 2900 mag-

72 2899 186 2989 noperd
198 2903 355 2969 desiderat:
380 2918 461 2966 caret
475 2905 583 2988 epulis,
597 2903 802 2988 extrudlisque
822 2905 941 2980 menfis,
966 2905 994 2964 &
1011 2901 1178 2986 frequenti-

71 2989 130 3054 bus
141 2990 276 3074 poculis?
303 3007 383 3058 caret
393 3011 466 3078 ergo
480 2992 571 3055 etiam
590 2989 764 3068 vinolentiis,
789 2993 990 3072 &cruditam
1016 2994 1045 3056 u
1067 2989 1179 3053 insom-

73 3078 143 3140 niis.
188 3077 249 3142 Sed
265 3079 285 3141 fi
301 3078 413 3162 aliquid
428 3079 562 3142 dandum
577 3079 621 3144 est
635 3080 793 3164 voluptati,
812 3081 956 3164 quoniam
982 3079 1048 3163 ejus
1062 3079 1178 3141 blandi-

72 3165 124 3226 tiis
139 3186 201 3227 non
212 3164 298 3230 tacite
312 3165 491 3244 obsistimus,
520 3166 620 3230 divin&
642 3168 724 3230 enim
738 3167 825 3232 Plato
847 3165 944 3230 escam
956 3169 1104 3228 malorum
1121 3173 1221 3228 κιο-(20

72 3253 375 3337 luptatemappellat,
401 3256 482 3336 quod
508 3261 542 3318 ed
560 3255 697 3318 videlicet
717 3255 855 3318 homines
877 3255 1043 3339 capiantur,
1066 3267 1100 3318 ut
1125 3253 1179 3318 ha-

72 3361 127 3402 mo
152 3339 262 3424 pisces;
288 3363 462 3425 quanquam
481 3341 686 3407 immoderatis
707 3343 804 3427 epulis
826 3358 924 3406 careat
940 3341 1089 3418 senectus,
1112 3363 1179 3404 mo-
1208 3395 1211 3402 .

71 3427 150 3491 dicis
159 3442 261 3492 tamen
271 3428 415 3493 conviviis
429 3429 571 3494 delectari
580 3430 687 3517 potest.
710 3431 747 3494 C.
759 3431 923 3506 Duillium,
938 3431 986 3492 M.
1003 3429 1112 3506 filium,
1123 3430 1178 3512 qui

73 3513 189 3580 Poenos
199 3517 285 3580 classe
300 3517 416 3601 primus
430 3518 590 3594 devicerat,
609 3519 786 3582 redeuntem
800 3522 816 3580 b
830 3516 919 3582 coenst
933 3517 1034 3582 senem
1046 3517 1122 3602 saepe
1135 3519 1180 3580 vi-

72 3603 184 3668 debant
194 3625 282 3688 puer:
303 3597 625 3672 deledtabalurcrebro
636 3605 742 3683 funali,
767 3606 942 3682 &tibicine‚
960 3605 1090 3691 quaesibi
1105 3608 1221 3674 nul-25

72 3694 104 3753 lo
133 3694 273 3776 exemplo
300 3692 432 3777 privatus
461 3693 636 3778 sumpserat:
668 3708 786 3757 tantum
812 3695 939 3758 licentiae
965 3695 1054 3758 dabat
1075 3695 1179 3781 gloria.

73 3778 137 3842 Sed
156 3780 231 3862 quid
249 3801 307 3866 ego
326 3781 416 3850 alios?
441 3783 479 3846 ad
504 3781 652 3867 meipsum
671 3784 735 3867 jam
753 3797 891 3849 revertat.
935 3781 1072 3848 Primum
1086 3781 1179 3845 habui
1208 3801 1212 3812 “

74 3867 193 3951 semper
216 3867 343 3932 sodales:
367 3869 537 3938 sodalitates
550 3883 652 3934 autem
663 3892 714 3936 me
733 3870 891 3956 Quaestore
903 3871 1079 3946 ¹constitutae
1098 3870 1178 3944 sunt,

74 3953 166 4018 sacris
188 3954 277 4018 Idaeis
302 3955 425 4041 Magnae
449 3957 558 4021 Matris
573 3959 716 4042 acceptis:
746 3957 887 4043 epulabar
901 3957 993 4044 igitur
1008 3977 1079 4024 cum
1094 3954 1179 4018 soda-

73 4042 155 4106 libus
168 4044 294 4106 omnino
308 4045 438 4121 modice,
467 4044 518 4110 sed
543 4061 606 4108 erat
620 4045 745 4129 quidem
775 4046 874 4109 servor
898 4049 1007 4112 aetatis:
1033 4049 1091 4128 qut
1106 4047 1222 4125 pro-80

74 4131 242 4214 grediente,
278 4130 380 4195 omnia
409 4131 487 4196 fiunt
515 4133 611 4196 indies
640 4133 774 4210 mitiora:
812 4155 911 4218 neque
941 4135 1022 4198 enim
1048 4126 1180 4214 ipsorum

72 4217 282 4284 conviviorum
308 4219 539 4285 detestationem
560 4221 764 4305 voluptatibus
793 4222 925 4306 corporis
950 4219 1057 4306 magis,
1087 4215 1180 4300 quim
1235 4263 1239 4280 .

75 4321 162 4370 cuttu
184 4307 362 4385 atticorum,
391 4311 421 4373 8:
448 4307 635 4374 sermonibus
648 4309 806 4374 metiebar:
834 4306 912 4374 bene
941 4308 1023 4370 enim
1052 4305 1181 4390 majores

75 4391 170 4462 nostri
195 4395 417 4466 accubitionem
444 4397 597 4482 epularem
620 4397 798 4478 amicorum,
823 4396 894 4481 quia
919 4395 988 4462 vitae
1012 4392 1182 4484 conjuctio-
