2825 4775
283 312 345 371 aaa
612 300 660 369 nt
682 292 832 367 'TULLII
853 290 1081 367 CICERONIS

326 440 427 527 postea
440 438 488 501 M.
508 436 659 523 Lepidum
678 440 785 503 eodem
800 438 962 501 sacerdotio
979 438 1136 521 praeditum
1147 434 1275 501 vidimus?
1299 433 1351 522 Quid

326 530 364 591 de
377 526 484 603 Paulo,
512 541 565 589 aut
579 527 726 589 Africano
743 525 867 608 loquar?
891 540 953 601 aut,
975 540 1010 587 ut
1023 529 1089 612 jam
1102 538 1177 599 ante,
1198 524 1231 585 de
1244 523 1350 585 Muinn?

283 634 456 765 affl
471 609 1351 783 “llllstllllsl'lzll{lllllltslllll

433 746 441 763 Ι
751 744 761 776 ,
1344 733 1351 744 “

325 803 399 863 tem,
412 804 448 849 ut
461 810 497 851 ea
510 788 603 872 pluria
614 788 659 864 fit,
673 810 765 871 quam
780 808 885 850 omnes
899 742 1108 851 adolescentiae’
1117 787 1270 869 voluptates.

286 883 301 937 l
369 874 431 937 XV
433 875 488 937 111.
511 874 573 937 Sed
598 876 629 937 in
653 876 739 937 omni
763 876 898 938 oratione
923 888 1119 951 mementote,
1133 893 1196 937 eam
1218 892 1257 933 me
1275 871 1349 931 laadan

326 961 524 1039 seneclutem,
546 985 613 1046 quae
625 962 829 1025 fundamentis
843 960 1049 1027 adolescentiae
1064 958 1219 1024 constituta
1231 958 1265 1019 st:
1280 978 1305 1019 ex
1315 978 1350 1037 qu

324 1050 357 1111 id
370 1048 509 1125 efficitur,
530 1050 612 1133 quod
625 1072 683 1135 ego
697 1070 807 1135 magno
832 1049 985 1133 quondam
1013 1070 1085 1112 cum
1100 1046 1208 1110 assensu
1219 1042 1350 1108 omniundi

325 1137 367 1198 xi:
396 1136 537 1221 Mfferam
557 1138 604 1223 effe
615 1137 792 1223 seneliutem,
814 1160 871 1219 qua
886 1136 921 1221 se
943 1138 1062 1198 mathae
1084 1134 1240 1222 dffenderel:
1256 1128 1349 1201 mutati,

285 1231 305 1287 ⁵
327 1245 390 1285 non
403 1245 485 1309 rugae
499 1229 621 1307 repente
636 1223 846 1287 aucloritatem
858 1223 986 1307 arripere
1001 1223 1135 1307 possunt,
1157 1220 1204 1283 sed
1217 1214 1349 1282 hanella&

327 1310 459 1393 superior
467 1324 538 1373 aetau
548 1311 666 1375 fructus
680 1311 760 1395 capit
772 1309 958 1373 auctoritatis
967 1325 1129 1373 extremos.
1173 1306 1241 1371 Hac
1251 1324 1302 1367 euru
1312 1302 1349 1386 ipsi

327 1397 396 1460 sunt
409 1397 604 1474 honorabilia,
627 1420 695 1481 quae
710 1399 849 1461 videntur
868 1398 944 1460 levia
967 1412 1058 1481 atque
1080 1396 1252 1471 communia,
1269 1386 1349 1458 salton,

327 1484 437 1567 appeti,
460 1485 575 1561 decedi,
600 1486 720 1570 assurgi,
746 1484 865 1561 deduci,
891 1484 1005 1561 reduci,
1032 1484 1162 1548 consuli:
1195 1502 1252 1566 que
1270 1482 1290 1541 dr
1305 1476 1347 1559 rpus

328 1592 393 1647 noa,
422 1576 451 1635 dr
467 1570 498 1633 in
513 1573 577 1635 aliis
591 1572 771 1648 civitatibus,
797 1587 830 1634 ut
856 1592 984 1656 quaeque
1010 1569 1126 1656 optime
1145 1582 1255 1644 morata,
1275 1564 1346 1626 indi-

287 1655 496 1743 logeutilsrmd
510 1659 711 1723 observantur.
735 1655 921 1743 Lysandrum
936 1658 1211 1733 Lacedaemonium,
1223 1654 1289 1740 cujus
1298 1648 1346 1709 moll

328 1747 514 1809 mentionem
532 1746 603 1823 feci,
623 1747 723 1810 dicere
734 1746 817 1809 aiunt
828 1744 959 1821 solitum,
975 1745 1194 1809 Lacedaemone
1206 1743 1254 1805 esse
1264 1732 1347 1801 nnll-

328 1831 436 1895 samum
444 1834 631 1897 domicilium
655 1830 831 1897 senedlutis:
856 1831 1005 1917 nusquam
1031 1834 1114 1896 enim
1140 1844 1246 1894 tantum
1265 1824 1347 1887 mbulu

327 1921 420 1994 aetati,
449 1921 596 2003 nusquam
618 1920 661 1983 est
681 1919 820 1983 senedius
844 1919 1028 1983 honoratior:
1058 1920 1134 2003 quin
1156 1918 1238 1981 etiam
1258 1910 1347 2003 meruti

328 2006 481 2088 proditum
496 2007 550 2082 est,
576 2028 647 2069 cum
663 2007 804 2083 Athenis,
830 2008 919 2083 ludis,
948 2006 1073 2091 quidam
1088 2007 1121 2069 in
1135 2006 1268 2069 theatrum
1282 1994 1346 2083 guli*

287 2098 403 2155 l5natu
416 2094 551 2169 venisset,
576 2094 607 2157 in
622 2116 732 2178 magno
747 2092 880 2157 consessu
891 2096 991 2157 locum
1007 2094 1036 2155 ei
1048 2092 1067 2156 a
1079 2093 1139 2157 suia
1149 2092 1252 2157 civibus
1263 2084 1347 2175 nusqm

327 2180 445 2243 datum:
466 2185 536 2244 edm
552 2197 654 2244 autem
665 2182 703 2243 ad
718 2181 963 2245 Lacedaemonios
978 2180 1147 2258 acceffilset,
1169 2180 1227 2264 qui,
1239 2174 1293 2240 etim
1302 2172 1347 2251 hul

326 2267 429 2343 essent,
451 2282 533 2331 certo
550 2269 583 2330 in
596 2270 664 2333 loco
678 2266 883 2343 consederant,
906 2267 1120 2333 consurrexisse
1135 2287 1242 2341 omnes,
1261 2256 1347 2325 &stiffi

326 2354 413 2418 illum
427 2353 535 2419 sessum
548 2356 703 2440 recepisse:
719 2354 828 2440 quibua
842 2353 915 2418 edm
931 2353 1072 2420 dcundto
1084 2354 1213 2419 consessu
1220 2340 1348 2438 pensares«

327 2443 483 2528 multiplex
501 2445 599 2519 datus,
624 2443 726 2506 dixiffe
751 2465 788 2506 ex
810 2443 846 2506 iis
862 2443 1024 2525 quendam,
1047 2443 1241 2507 Athenienses
1256 2435 1348 2512 scieqfl

284 2528 413 2592 2οιεᾶα
427 2530 529 2606 essent,
540 2531 591 2594 sed
604 2530 703 2593 sacere
718 2532 808 2593 nolle.
852 2530 954 2592 Multa
968 2531 1000 2593 in
1014 2529 1118 2594 nostro
1126 2529 1244 2615 collegio
1256 2520 1348 2606 pretim*

325 2615 377 2678 sed
391 2614 460 2691 hoc,
483 2618 596 2699 dequo
611 2617 739 2703 agimus,
761 2617 918 2701 imprimis,
940 2619 1022 2700 quod
1043 2631 1077 2682 ut
1098 2617 1219 2702 quisque
1231 2619 1353 2691 eneam

325 2703 417 2778 cedit,
445 2704 486 2766 ita
506 2703 658 2768 sententiae
673 2705 874 2790 principatum
895 2719 994 2782 tenet;
1019 2727 1121 2787 neque
1135 2705 1224 2770 soldm
1235 2699 1350 2762 Ιιοιιοτῑψ

325 2790 542 2868 recedentibus,
564 2791 614 2854 sed
629 2792 665 2853 iis
678 2792 782 2869 etiam,
805 2793 943 2876 quicum
962 2792 1090 2876 imperio
1105 2792 1183 2868 sunt,
1206 2789 1304 2873 majore
1313 2791 1350 2838 nu

325 2898 453 2961 augures
467 2891 700 2962 anteponuntur.
746 2879 826 2964 Qum
840 2878 910 2942 sunt
922 2879 1014 2964 igitur
1026 2880 1195 2965 voluptates
1202 2871 1305 2980 corpon't
1314 2879 1350 2924 ΝΕ

282 2963 514 3028 &authoritatis
538 2966 668 3048 praemiis
679 2965 905 3050 comparandae?
931 2965 1041 3048 quibua
1055 2967 1110 3050 qui
1136 2963 1262 3050 spendide
1270 2955 1299 3020 ufi
1309 2950 1349 3012 sut.

325 3049 347 3111 ii
366 3050 441 3112 mihi
454 3051 594 3115 uidentur
612 3052 745 3116 fabulam
757 3053 853 3117 aetatia
872 3053 1025 3138 peregisse,
1052 3075 1123 3130 nec,
1138 3058 1265 3135 tanquam
1285 3043 1350 3134 ἰῠθῑθῖ·

324 3137 409 3200 citati
421 3135 590 3215 histriones,
614 3139 646 3202 in
660 3154 796 3202 extremo
811 3139 883 3204 adiu
897 3140 1046 3204 corruisse.
1093 3141 1138 3202 At
1161 3139 1225 3202 sunt
1240 3123 1347 3216 martiri

325 3224 416 3300 anxii,
429 3228 470 3288 ,dr
491 3224 639 3301 iracundi,
664 3231 693 3290 &
715 3226 851 3292 difficiles
866 3226 959 3303 senes,
986 3227 1200 3310 siquaerimua,
1221 3225 1291 3286 etiam
1301 3227 1348 3274 ΜΕ

325 3309 376 3374 sed
389 3311 455 3376 baec
470 3331 589 3375 morum
603 3313 675 3376 vitia
697 3313 776 3390 sunt,
796 3335 858 3376 non
873 3313 1044 3378 senectutis.
1089 3316 1139 3376 Ac
1154 3309 1286 3376 morosus
1296 3310 1351 3388 wls?

283 3401 361 3460 30&
377 3421 412 3461 ca
425 3399 508 3475 vitia,
517 3421 585 3482 quae
597 3400 670 3476 dixi,
695 3400 807 3464 habent
821 3401 935 3481 aliquid
950 3400 1158 3478 excusationis,
1170 3421 1227 3462 non
1244 3395 1303 3458 illius
1315 3400 1348 3464 ls'

325 3484 396 3546 dem
406 3485 508 3570 justae,
530 3487 581 3549 sed
603 3509 671 3570 quae
685 3487 803 3570 probari
823 3488 901 3571 posse
915 3487 1063 3551 videatur:
1088 3485 1235 3550 contemni
1251 3480 1350 3562 sepum

325 3570 447 3653 despici,
462 3573 560 3638 illudi:
586 3590 729 3657 praeterea
754 3574 786 3636 in
800 3573 899 3660 fragili
915 3597 1039 3659 corpore
1064 3573 1165 3638 odiosa
1178 3569 1263 3636 omnis
1279 3549 1347 3624 off‘s'

324 3655 381 3718 este
404 3680 472 3739 quae
487 3674 588 3723 tamen
602 3661 704 3723 omnia
718 3661 851 3724 dulciora
865 3661 934 3724 sunt
949 3666 978 3725 u
995 3661 1129 3724 motibus
1143 3659 1224 3723 bonis
1238 3661 1262 3719 a
1277 3643 1349 3712 trffl

325 3740 417 3824 idque
451 3749 515 3808 tbm
538 3747 569 3807 iu
591 3747 660 3822 vita,
686 3751 751 3810 tdm
766 3747 797 3808 in
823 3746 910 3812 scenai
924 3748 1047 3833 intelligi
1063 3747 1160 3831 potest
1173 3769 1207 3809 ex
1218 3739 1316 3828 fissum,

283 3829 381 3912 toqui
394 3828 426 3890 in
441 3831 589 3915 Adelphis
603 3833 683 3897 sunt:
709 3847 820 3915 quanta
834 3837 866 3898 in
880 3837 973 3898 altero
984 3836 1107 3912 duritas,
1129 3835 1161 3897 in
1175 3835 1256 3896 altero
1285 3907 1290 3921 ι
1348 3891 1349 3896 ,

325 3913 375 3977 Sic
391 3914 478 3979 seres
490 3917 593 3982 habet:
624 3935 658 3984 ut
669 3921 751 3982 enim
771 3941 833 3982 non
852 3943 943 3985 omne
957 3923 1072 3997 vinum,
1101 3919 1139 3984 lic
1158 3941 1216 3982 non
1228 3909 1349 3979 onmtffli

324 3997 470 4064 uetustate
484 4007 639 4070 coacescit:
662 4006 847 4071 severitatem
861 4011 892 4071 in
907 4008 1062 4072 senectute
1072 4007 1175 4092 probo,
1189 4005 1234 4070 sed
1245 3985 1348 4064 ,nim

324 4089 393 4166 alia,
403 4090 568 4167 modicam3
583 4093 775 4156 acerbitatem
789 4097 873 4158 nullo
887 4097 991 4160 modo:
1013 4093 1130 4158 avaritia
1144 4089 1213 4156 veni
1225 4079 1298 4154 senilis
1307 4060 1348 4170 q*

324 4175 378 4238 libi
395 4178 479 4255 velit,
499 4199 560 4241 non
585 4179 734 4264 intelligo,
759 4181 855 4265 potest
875 4182 957 4244 enim
979 4183 1142 4266 quidquam
1165 4179 1219 4242 effe
1242 4161 1348 4238 absudllt

280 4269 428 4346 loqutm,
446 4265 614 4350 quominiu
624 4267 679 4331 viae
688 4265 788 4346 restat,
803 4273 840 4333 ed
853 4270 921 4354 plus
934 4269 1034 4336 viatici
1048 4263 1194 4356 quereres

1343 4683 1346 4774 l
